2646 3932
357 148 397 210 8
1107 150 1524 202 ΟΔΤΣΣΕῙΑΣ
1560 150 1621 201 Α.

360 287 504 356 ἀλλ’
557 291 674 373 ἄγε
720 315 835 376 μοι
877 293 1031 358 τόδε
1077 288 1217 357 εἰπὲ
1261 289 1375 358 καὶ
1418 289 1737 376 ἀτρεκέως
1780 289 2167 373 κατάλεξον,

356 397 422 460 εί
461 397 544 480 δὴ
591 394 658 476 ἐξ
704 396 934 463 αὐτοῖο
979 399 1173 474 τόσος
1216 397 1371 474 πάις
1415 399 1510 474 είς
1547 395 1880 481 Ὀδυσῆος.

357 501 560 577 αἰνῶς
603 496 725 584 μὲν
770 503 1066 584 κεφαλήν
1109 524 1179 566 τε
1223 500 1335 568 καὶ
1381 502 1638 586 ὄμματα
1682 501 1850 565 καλὰ
1895 503 2112 577 ἔοικας

354 608 550 693 κείνω
563 653 581 688 ,
628 604 768 673 ἐπεὶ
811 608 999 691 θαμὰ
1042 618 1227 672 τοῖον
1274 604 1659 692 ἐμισγόμεθ’
1712 607 2126 691 ἀλλήλοισιν,

355 713 515 796 πρίν
549 734 624 793 γε
659 713 778 777 τὸν
815 710 882 789 ἐς
927 715 1173 798 Τροίην
1201 712 1633 797 ἀναβήμεναι,
1672 714 1841 779 ἔνθα
1876 734 2000 798 περ
2036 714 2226 778 ἄλλοι
2271 728 2377 778 210

350 815 663 901 Ἀργείων
709 818 781 883 οἱ
820 820 1079 902 ἄριστοι
1125 821 1285 903 ἔβαν
1330 821 1556 903 κοίλῃς
1601 816 1702 883 ἐνὶ
1745 821 2015 902 νηυσίν·

355 923 429 988 ἐκ
470 932 592 988 τοῦ
639 920 700 989 δ’
754 911 893 989 οὔτ’
939 922 1224 1008 Ὀδυσῆα
1269 923 1443 1008 ἐγὼν
1487 925 1638 990 ἴδον
1684 922 1824 990 οὔτ’
1878 922 1977 1008 ἔμ’
2031 923 2298 1001 ἐκεῖνος.

442 1030 566 1113 τὴν
613 1026 674 1094 δ’
727 1023 813 1095 αὖ
867 1029 1242 1116 Τηλέμαχος
1286 1030 1703 1115 πεπνυμένος
1749 1031 1978 1097 ἀντίον
2022 1031 2224 1116 ηὔδα·

359 1136 633 1221 »τοιγὰρ
682 1135 809 1218 ἐγώ
855 1160 988 1219 τοι,
1038 1137 1238 1220 ξεῖνε,
1284 1135 1437 1221 μάλ’
1491 1136 1811 1222 ἀτρεκέως
1857 1137 2216 1224 ἀγορεύσω.

357 1244 568 1327 μήτηρ
615 1241 737 1326 μέν
782 1241 857 1308 τέ
897 1241 982 1326 μέ
1022 1260 1190 1328 φησι
1225 1253 1347 1310 τοῦ
1383 1246 1684 1328 ἔμμεναι,
1733 1244 1942 1331 αὐτὰρ
1979 1243 2106 1328 ἐγώ
2142 1267 2216 1326 γε
2273 1260 2375 1308 215

357 1348 480 1413 οὐκ
526 1343 680 1413 οἷδ’·
726 1348 808 1413 οὐ
853 1348 980 1434 γάρ
1027 1349 1127 1414 πώ
1173 1373 1273 1427 τις
1319 1347 1431 1414 ἑὸν
1475 1351 1682 1432 γόνον
1727 1349 1924 1427 αὐτὸς
1970 1350 2242 1434 ἀνέγνω.

357 1455 445 1531 ὡς
492 1455 573 1538 δὴ
621 1453 749 1536 ἐγώ
793 1452 856 1537 γ’
910 1456 1158 1539 ὄφελον
1202 1456 1495 1542 μάκαρός
1538 1455 1625 1521 νύ
1669 1478 1785 1520 τευ
1829 1458 2101 1540 ἔμμεναι
2144 1456 2290 1532 υίὸς

357 1558 622 1645 ἀνέρος,
669 1560 749 1625 ὃν
794 1560 1174 1625 κτεάτεσσιν
1220 1559 1355 1638 έοῖς
1399 1563 1506 1627 ἔπι
1549 1569 1757 1647 γῆρας
1801 1563 2079 1644 ἔτετμεν.

356 1674 485 1731 νῦν
531 1664 593 1730 δ’
612 1714 630 1749 ,
678 1666 751 1744 ὃς
797 1666 1245 1750 ἀποτμότατος
1287 1665 1515 1749 γένετο
1558 1673 1831 1750 θνητῶν
1876 1665 2285 1749 ἀνθρώπων,

356 1780 475 1837 τοῦ
504 1770 570 1856 μ’
605 1774 677 1838 ἔκ
706 1789 869 1856 φασι
897 1771 1242 1855 γενέσθαι,
1273 1771 1413 1839 ἐπεὶ
1440 1774 1527 1838 σύ
1554 1796 1633 1856 με
1660 1770 1838 1838 τοῦτ’
1876 1771 2245 1857 ἐρεείνεις.“
2274 1788 2377 1836 220

443 1879 562 1943 τὸν
608 1877 669 1943 δ’
724 1874 878 1943 αὖτε
924 1877 1271 1965 προσέειπε
1292 1878 1476 1961 ωθεά,
1522 1883 1898 1961 γλαυκῶπις
1937 1874 2237 1962 Ἀθήνη·

359 1984 488 2067 ,,οὐ
533 1983 655 2069 μέν
699 2010 802 2053 τοι
847 1988 1083 2069 γενεήν
1127 2009 1203 2068 γε
1246 1983 1400 2051 θεοὶ
1444 1986 1802 2070 νώνυμνον
1846 1984 2098 2051 ὀπίσσω

357 2096 608 2173 θῆκαν,
657 2090 797 2156 ἐπεὶ
843 2089 923 2156 σέ
960 2114 1035 2174 γε
1081 2101 1269 2156 τοῖον
1315 2089 1612 2173 ἐγείνατο
1661 2092 2097 2175 Πηνελόπεια.

359 2195 502 2262 ἀλλ’
556 2198 672 2279 ἄγε
717 2220 832 2281 μοι
876 2197 1027 2262 τόδε
1074 2191 1214 2261 εἰπὲ
1258 2194 1370 2261 καὶ
1416 2195 1735 2282 ἀτρεκέως
1780 2197 2164 2276 κατάλεξον·

360 2305 455 2380 τίς
488 2304 653 2385 δαίς,
687 2306 786 2380 τίς
819 2298 892 2368 δὲ
926 2302 1153 2385 ὅμιλος
1182 2300 1282 2368 ὅδ’
1319 2305 1578 2381 ἔπλετο;
1609 2305 1791 2369 τίπτε
1819 2302 1900 2369 δέ
1923 2320 1998 2369 σε
2025 2303 2222 2389 χρεώ;
2272 2319 2375 2369 226

358 2410 659 2493 εἰλαπίνη
706 2404 781 2492 ἦε
827 2409 1063 2492 γάμος;
1114 2405 1252 2473 ἐπεὶ
1299 2408 1424 2473 οὐκ
1468 2410 1704 2493 ἔρανος
1746 2409 1904 2474 τάδε
1949 2407 2012 2492 γ’
2066 2408 2260 2475 ἐστίν.

358 2516 447 2592 ὥς
490 2512 565 2579 τέ
606 2537 720 2598 μοι
764 2513 1142 2597 ὑβρίζοντες
1186 2512 1612 2599 ὑπερφιάλως
1659 2512 2009 2581 δοκέουσιν

358 2622 723 2686 δαίνυσθαι
768 2620 931 2684 κατὰ
978 2620 1193 2704 δῶμα·
1236 2622 1712 2704 νεμεσσήσαιτό
1757 2643 1872 2685 κεν
1917 2620 2085 2707 ἀνὴρ

359 2733 587 2812 αἴσχεα
630 2724 818 2792 πόλλ’
873 2726 1118 2812 ὁρόων,
1166 2726 1238 2804 ὅς
1282 2750 1383 2803 τις
1426 2729 1701 2804 πινυτός
1743 2751 1818 2811 γε
1864 2726 2236 2812 μετέλθοι.“

445 2833 569 2915 τὴν
615 2829 675 2897 δ’
730 2826 816 2897 αὖ
871 2830 1245 2916 Τηλέμαχος
1287 2831 1703 2916 πεπνυμένος
1749 2832 1980 2898 ἀντίον
2023 2834 2225 2917 ηὔδα·
2272 2849 2377 2900 230

359 2936 563 3021 »ξεῖν’
581 2986 600 3020 ,
649 2936 788 3003 ἐπεὶ
834 2935 916 3023 ἂρ
964 2938 1047 3021 δὴ
1094 2939 1300 3004 ταῦτά
1346 2936 1412 3022 μ’
1466 2937 1756 3024 ἀνείρεαι
1801 2935 1919 3021 ἠδὲ
1963 2944 2315 3027 μεταλλᾷς,

359 3044 593 3130 μέλλεν
637 3042 759 3128 μέν
803 3065 960 3109 ποτε
1007 3039 1187 3122 οἶκος
1233 3042 1335 3109 ὅδ’
1390 3044 1662 3128 ἀφνειὸς
1705 3042 1816 3110 καὶ
1863 3045 2140 3129 ἀμύμων

357 3155 659 3236 ἔμμεναι,
706 3148 861 3235 ὄφρ’
913 3152 1010 3216 ἔτι
1053 3161 1272 3228 κεῖνος
1318 3149 1488 3237 ἀνὴρ
1535 3149 1878 3235 ἐπιδήμιος
1920 3145 2067 3233 ἦεν·

358 3267 486 3324 νῦν
531 3254 592 3323 δ’
645 3254 878 3339 ἑτέρως
925 3255 1236 3340 ἐβόλοντο
1279 3254 1436 3322 θεοὶ
1479 3256 1646 3322 κακὰ
1690 3259 2117 3340 μητιόωντες,

360 3369 433 3431 οἳ
470 3375 698 3431 κεῖνον
743 3358 865 3448 μὲν
910 3363 1141 3428 ἄιστον
1187 3361 1507 3446 ἐποίησαν
1550 3359 1702 3448 περὶ
1746 3362 2016 3428 πάντων
2271 3377 2375 3427 235

361 3471 769 3558 ἀνθρώπων,
816 3466 956 3536 ἐπεὶ
1001 3469 1084 3534 οὔ
1126 3492 1199 3534 κε
1244 3470 1529 3533 θανόντι
1571 3488 1695 3552 περ
1741 3462 1858 3535 ὧδ’
1912 3467 2305 3553 ἀκαχοίμην,
