2646 3932
383 207 505 271 184
1127 209 1543 260 οΔΤΣΣΕΙΑΣ
1579 210 1646 260 Α.

377 351 460 417 οὐ
503 352 630 437 γάρ
676 373 777 416 πω
821 350 1146 435 τέθνηκεν
1191 349 1297 417 ἐπὶ
1341 348 1543 435 χθονὶ
1589 351 1731 427 δῖος
1770 347 2108 435 Ὀρέστηςέ

464 452 553 535 ὥς
597 455 813 542 ἔφατ’,
859 456 1066 541 αὐτὰρ
1113 455 1241 538 ἐγώ
1287 480 1404 540 μιν
1449 455 1879 541 ἀμειβόμενος
1921 452 2348 539 προσέειπον·

375 561 726 649 ,Ἀτρεΐδη,
773 565 844 628 τί
883 586 962 646 με
1005 571 1213 628 ταῦτα
1260 563 1562 648 διείρεαι;
1613 560 1777 627 οὐδέ
1815 584 1879 626 τι
1925 557 2107 644 οἶδα,

376 670 522 749 ζώει
569 667 608 735 ὅ
649 666 713 752 γ’
765 669 807 753 ἢ
852 668 1162 753 τέθνηκε·
1208 670 1413 734 κακὸν
1460 666 1521 734 δ’
1577 667 1908 751 ἀνεμώλια
1951 667 2214 751 βάζεινὲ

462 786 586 841 νῶι
629 771 751 859 μὲν
796 770 886 853 ὧς
931 773 1232 841 ἐπέεσσιν
1278 772 1689 858 ἀμειβομένω
1737 785 2156 859 στυγεροῖσιν
2290 791 2405 840 465

375 880 652 966 ἕσταμεν
697 881 1052 966 ἀχνύμενοι
1096 881 1389 967 θαλερὸν
1432 881 1596 947 κατὰ
1641 881 1853 965 δάκρυ
1896 877 2181 964 χέοντες·

374 983 541 1071 ἦλθε
589 985 649 1053 δ’
703 985 809 1052 ἐπὶ
853 988 1030 1071 ψυχὴ
1079 987 1476 1070 Πηληιάδεω
1516 984 1812 1070 Ἀχιλῆος

373 1091 485 1159 καὶ
531 1098 961 1179 Πατροκλῆος
1004 1091 1114 1159 καὶ
1161 1093 1499 1178 ἀμύμονος
1538 1090 1939 1177 Ἀντιλόχοιο

376 1202 664 1277 Αἴαντός
708 1197 810 1283 θ’,
856 1199 929 1276 ὃς
974 1201 1239 1285 ἄριστος
1285 1203 1403 1284 ἔην
1449 1194 1625 1276 εἶδός
1669 1222 1740 1264 τε
1787 1199 1988 1284 δέμας
2030 1223 2102 1266 τε

373 1316 508 1370 τῶν
555 1307 775 1372 ἄλλων
819 1312 1112 1372 Δαναῶν
1157 1303 1294 1391 μετ’
1350 1304 1655 1389 ἀμύμονα
1702 1309 2072 1390 Πηλεΐωνα.
2289 1322 2402 1372 470

376 1414 545 1494 ἔγνω
593 1409 667 1477 δὲ
711 1410 889 1497 ψυχή
938 1436 1018 1496 με
1063 1412 1400 1488 ποδώκεος
1444 1413 1770 1477 Αἰακίδαο

374 1521 491 1582 καί
530 1515 591 1602 ῥ’
644 1515 1110 1602 ὀλοφυρομένη
1159 1519 1315 1582 ἔπεα
1361 1519 1717 1603 πτερόεντα
1761 1518 2136 1603 προσηύδα·

375 1620 693 1707 ,διογενὲς
737 1624 1144 1711 Λαερτιάδη,
1190 1621 1598 1707 πολυμήχαν’
1644 1621 1996 1707 Ὀδυσσεῦ,

379 1729 662 1814 σχέτλιε,
706 1727 876 1795 τίπτ’
929 1733 1024 1794 ἔτι
1069 1731 1291 1813 μεῖζον
1336 1727 1437 1794 ἐνὶ
1482 1728 1680 1814 φρεσὶ
1724 1731 1960 1813 μήσεαι
2004 1732 2232 1814 ἔργον;

374 1848 512 1913 πῶς
556 1840 743 1920 ἔτλης
782 1834 1080 1901 Ἀιδόσδε
1124 1833 1557 1919 κατελθέμεν,
1604 1838 1773 1901 ἔνθα
1816 1858 1888 1901 τε
1934 1834 2156 1921 νεκροὶ
2289 1853 2397 1902 475

376 1941 702 2029 ἀφραδέες
743 1945 1042 2025 ναίουσι,
1087 1944 1351 2027 βροτῶν
1395 1943 1637 2008 εἴδωλα
1682 1943 2083 2027 καμόντων;ί

464 2043 552 2125 ὧς
598 2046 812 2132 ἔφατ’,
859 2048 1067 2135 αὐτὰρ
1114 2047 1240 2131 ἐγώ
1288 2071 1405 2131 μιν
1450 2046 1882 2133 ἀμειβόμενος
1925 2048 2351 2133 προσέειπον·

375 2150 450 2237 ,ὦ
490 2152 745 2239 Ἀχιλεῦ
791 2159 1062 2238 Πηλῆος
1105 2153 1240 2238 υἰέ,
1286 2152 1454 2239 μέγα
1502 2153 1767 2240 φέρτατ’
1814 2152 2121 2239 Ἀχαιῶν,

374 2257 592 2345 ἦλθον
644 2263 984 2346 Τειρεσίαο
1030 2261 1193 2326 κατὰ
1237 2259 1458 2346 χρέος,
1506 2266 1574 2325 εί
1609 2283 1760 2326 τινα
1804 2261 2058 2344 βουλὴν

374 2374 579 2451 εἴποι,
625 2368 801 2443 ὅπως
839 2363 1110 2449 Ἰθάκην
1154 2363 1221 2442 ές
1263 2367 1759 2432 παιπαλόεσσαν
1807 2367 2100 2451 ἱκοίμην·
2288 2385 2397 2435 480

375 2472 459 2539 οὐ
501 2473 630 2557 γάρ
676 2494 778 2538 πω
824 2472 1063 2555 σχεδὸν
1107 2466 1329 2554 ἦλθον
1366 2468 1722 2556 Ἀχαιίδος,
1770 2470 1935 2537 οὐδέ
1972 2494 2074 2538 πω
2122 2472 2290 2557 ἁμῆς

373 2587 495 2662 γῆς
540 2576 811 2663 ἐπέβην,
858 2575 1002 2642 ἀλλ’
1055 2573 1200 2643 αἰὲν
1244 2580 1370 2661 ἔχω
1415 2578 1601 2643 κακά.
1694 2587 1833 2642 σεῖο
1880 2574 1967 2659 δ’,
2006 2574 2331 2662 Ἀχιλλεῦ,

375 2687 458 2753 οὔ
500 2710 600 2763 τις
645 2684 814 2769 ἀνὴρ
859 2685 1275 2768 προπάροιθε
1321 2684 1731 2769 μακάρτατος
1776 2681 1917 2749 οὔτ’
1961 2682 2065 2769 ἄρ’
2109 2684 2361 2751 ὀπίσσω
2380 2706 2414 2738 ··

373 2789 534 2878 πρὶν
578 2787 700 2875 μὲν
743 2789 871 2873 γάρ
920 2804 994 2853 σε
1042 2789 1207 2867 ζωὸν
1252 2787 1511 2872 ἐτίομεν
1558 2784 1668 2855 ἶσα
1710 2794 1977 2855 θεοῖσιν

368 2896 651 2983 Ἀργεῖοι
661 2944 681 2979 ,
725 2904 855 2960 νῦν
901 2888 1056 2959 αὖτε
1101 2892 1267 2978 μέγα
1311 2894 1606 2979 κρατέεις
1648 2895 1999 2961 νεκύεσσιν
2288 2912 2396 2961 485

375 2999 607 3069 ἐνθάδ’
661 3000 790 3066 έων
807 3020 823 3037 ·
909 3010 1002 3090 τῷ
1046 3002 1134 3084 μή
1178 3023 1243 3064 τι
1286 3001 1524 3066 θανὼν
1571 3001 1903 3086 ἀκαχίζευ,
1942 2999 2276 3086 Ἀχιλλεῦέ

463 3105 553 3187 ὧς
597 3107 889 3193 ἐφάμην,
935 3106 972 3173 ὁ
1019 3103 1099 3170 δέ
1139 3102 1209 3190 μ’
1254 3104 1468 3171 αὐτίκ’
1513 3105 1943 3193 ἀμειβόμενος
1978 3106 2398 3193 προσέειπεν·

377 3216 486 3298 ,μὴ
535 3215 618 3297 δή
665 3236 777 3298 μοι
820 3212 1120 3277 θάνατόν
1165 3233 1240 3293 γε
1284 3213 1631 3298 παραύδα,
1678 3210 1939 3298 φαίδιμ’
1986 3209 2323 3278 Ὀδυσσεῦ.

375 3322 745 3403 βουλοίμην
786 3313 849 3383 κ’
901 3315 1268 3403 ἐπάρουρος
1312 3316 1441 3382 ἐὼν
1483 3316 1850 3402 θητευέμεν
1894 3319 2101 3406 ἄλλῳ,

379 3424 576 3510 ἀνδρὶ
619 3421 775 3511 παρ’
827 3423 1087 3513 ἀκλήρῳ
1098 3471 1120 3506 ,
1165 3415 1218 3512 ᾧ
1263 3424 1354 3508 μὴ
1404 3426 1626 3507 βίοτος
1669 3426 1877 3501 πολὺς
1921 3430 2055 3508 εἴη,
2291 3440 2399 3491 490

377 3529 419 3613 ἢ
465 3541 669 3597 πᾶσιν
711 3531 1017 3596 νεκύεσσι
1060 3528 1660 3614 καταφθιμένοισιν
1706 3529 2036 3596 ἀνάσσειν.
