2646 3932
386 207 512 270 194
1129 210 1545 261 οΔΤΣΣΕῙΑΣ
1582 212 1650 261 Μ.

381 349 546 417 οὐδέ
583 375 684 428 τις
729 350 860 417 ἔστ’
915 352 1108 437 ἀλκή·
1155 351 1431 438 φυγέειν
1475 353 1829 438 κάρτιστον
1874 350 1985 417 ἀπ’
2040 353 2257 436 αὐτῆς.
2303 369 2409 419 120

381 456 466 540 ἣν
511 457 638 544 γὰρ
689 459 1095 545 δηθύνῃσθα
1140 461 1634 545 κορυσσόμενος
1676 459 1854 544 παρὰ
1899 457 2134 544 πέτρῃ,

383 564 616 647 δείδω,
662 566 752 648 μή
799 562 861 628 σ’
915 564 1171 643 ἐξαῦτις
1216 565 1675 650 ἐφορμηθεῖσα
1718 567 1979 650 κίχῃσιν

380 672 697 757 τόσσῃσιν
741 677 1096 756 κεφαλῇσι,
1142 674 1383 749 τόσους
1427 669 1490 737 δ’
1543 670 1614 737 ἐκ
1661 683 1884 755 φῶτας
1928 669 2168 755 ἕληται.

383 775 549 842 ἀλλά
593 777 767 862 μάλα
814 779 1126 864 σφοδρῶς
1172 777 1403 861 ἐλάαν,
1450 779 1773 862 βωστρεῖν
1818 773 1892 843 δὲ
1938 778 2294 862 Κράταιιν,

383 880 628 969 μητέρα
671 892 789 968 τῆς
834 885 1171 968 Σκύλλης,
1216 884 1258 966 ἥ
1305 907 1421 969 μιν
1467 881 1607 948 τέκε
1654 891 1835 967 πῆμα
1880 885 2249 969 βροτοῖσιν·
2300 899 2410 947 125

382 988 427 1072 ἥ
470 1014 585 1074 μιν
629 987 826 1055 ἔπειτ’
882 989 1250 1056 ἀποπαύσει
1297 990 1364 1066 ἐς
1407 990 1690 1074 ὕστερον
1736 988 2133 1074 ὁρμηθῆναι.

475 1099 838 1180 Θρινακίην
884 1093 945 1161 δ’
998 1095 1064 1173 ἐς
1109 1105 1319 1179 νῆσον
1368 1095 1657 1179 ἀφίξεαι·
1704 1098 1873 1161 ἔνθα
1921 1092 1994 1161 δὲ
2039 1093 2277 1161 πολλαὶ

343 1252 349 1258 .
383 1201 687 1285 βόσκοντ’
733 1201 1020 1270 Ἠελίοιο
1066 1206 1217 1287 βόες
1262 1201 1372 1269 καὶ
1420 1209 1569 1287 ἴφια
1614 1208 1817 1286 μῆλα,

385 1306 544 1373 ἑπτά
587 1311 768 1392 βοῶν
813 1309 1071 1394 ἀγέλαι,
1118 1312 1278 1376 τόσα
1328 1306 1388 1374 δ’
1443 1311 1605 1374 οἰῶν
1650 1310 1829 1374 πώεα
1873 1309 2070 1392 καλά,

384 1416 788 1498 πεντήκοντα
827 1411 889 1482 δ’
933 1415 1186 1481 ἕκαστα.
1233 1418 1433 1498 γόνος
1471 1413 1533 1481 δ’
1579 1415 1660 1481 οὐ
1696 1419 1988 1499 γίγνεται
2019 1414 2260 1496 αὐτῶν,
2299 1432 2407 1479 130

386 1520 550 1586 οὐδέ
591 1544 746 1588 ποτε
793 1522 1234 1606 φθινύθουσι.
1308 1519 1464 1587 θεαὶ
1512 1520 1572 1587 δ’
1628 1519 2039 1606 ἐπιποιμένες
2084 1522 2277 1604 εἰσίν,

386 1629 642 1712 νύμφαι
688 1627 1119 1713 ἐυπλόκαμοι,
1172 1627 1535 1694 Φαέθουσά
1579 1652 1647 1693 τε
1693 1630 2033 1712 Λαμπετίη
2079 1651 2178 1711 τε,

387 1732 463 1810 ἃς
508 1734 691 1800 τέκεν
730 1731 964 1822 Ἠελίῳ
1001 1731 1331 1818 Ὑπερίονι
1377 1735 1489 1799 δῖα
1536 1732 1808 1818 Νέαιρα.

384 1842 500 1918 τὰς
543 1836 667 1925 μὲν
710 1841 838 1924 ἄρα
882 1839 1192 1925 θρέψασα
1236 1840 1517 1906 τεκοῦσά
1562 1862 1630 1904 τε
1676 1840 1912 1903 πότνια
1956 1841 2166 1925 μήτηρ

389 1948 750 2031 Θρινακίην
797 1945 864 2024 ἐς
906 1954 1118 2030 νῆσον
1165 1944 1453 2034 ἀπῴκισε
1499 1947 1736 2030 τηλόθι
1783 1947 2027 2029 ναίειν,
2301 1963 2404 2012 135

388 2058 558 2138 μῆλα
606 2051 1099 2138 φυλασσέμεναι
1146 2054 1442 2138 πατρώια
1487 2051 1595 2118 καὶ
1641 2051 1859 2128 ἕλικας
1902 2054 2081 2135 βοῦς.

385 2161 501 2236 τὰς
545 2162 608 2225 εἰ
649 2157 770 2243 μέν
815 2157 875 2223 κ’
930 2157 1195 2236 ἀσινέας
1240 2158 1396 2245 ἐάᾳς
1440 2162 1685 2224 νόστου
1729 2180 1797 2222 τε
1843 2156 2108 2241 μέδηαι,

387 2261 428 2349 ἦ
475 2264 533 2331 τ’
585 2264 669 2331 ἂν
715 2262 804 2330 ἔτ’
858 2268 952 2342 εἰς
990 2263 1259 2350 Ἰθάκην
1304 2266 1470 2331 κακά
1514 2288 1635 2349 περ
1682 2265 2043 2346 πάσχοντες
2087 2264 2378 2329 ἵκοισθε·

388 2374 452 2438 εἰ
494 2370 574 2437 δέ
612 2394 685 2437 κε
732 2373 985 2456 σίνηαι,
1030 2375 1176 2438 τότε
1221 2395 1325 2438 τοι
1369 2368 1745 2456 τεκμαίρομ’
1801 2371 2117 2455 ὄλεθρον,

390 2480 508 2563 νηί
547 2500 614 2543 τε
659 2475 767 2543 καὶ
814 2475 1098 2563 ἑτάροις·
1149 2478 1347 2556 αὐτὸς
1393 2477 1454 2543 δ’
1505 2484 1574 2543 εἴ
1609 2476 1730 2562 πέρ
1775 2500 1889 2541 κεν
1936 2474 2195 2560 ἀλύξῃς,
2302 2492 2407 2541 140

389 2581 510 2662 ὀψὲ
555 2594 767 2660 κακῶς
811 2593 982 2649 νεῖαι
1036 2582 1269 2661 ὀλέσας
1313 2585 1441 2649 ἄπο
1488 2584 1737 2660 πάντας
1782 2580 2120 2667 ἑταίρουςέ

479 2685 569 2767 ὧς
614 2686 831 2774 ἔφατ’,
879 2690 1113 2755 αὐτίκα
1161 2686 1233 2755 δὲ
1279 2692 1742 2775 χρυσόθρονος
1786 2688 2042 2770 ἤλυθεν
2081 2685 2266 2763 Ἠώς.

387 2797 429 2880 ἡ
476 2792 596 2881 μὲν
642 2794 840 2860 ἔπειτ’
893 2795 1019 2862 ἀνὰ
1065 2806 1274 2880 νῆσον
1320 2795 1621 2881 ἀπέστιχε
1669 2797 1779 2861 δῖα
1823 2794 2077 2860 θεάων·

388 2903 597 2987 αὐτὰρ
645 2901 813 2985 ἐγὼν
858 2901 963 2967 ἐπὶ
1008 2910 1138 2986 νῆα
1182 2903 1345 2968 κιὼν
1391 2903 1693 2988 ὤτρυνον
1739 2900 2038 2986 ἑταίρους

388 3008 631 3086 αὐτούς
674 3005 730 3072 τ’
785 3006 1130 3093 ἀμβαίνειν
1177 3007 1302 3073 ἀνά
1347 3031 1415 3073 τε
1462 3010 1841 3092 πρυμνήσια
1886 3011 2109 3072 λῦσαι·
2165 2999 2168 3002 “
2305 3023 2409 3071 145
2495 3015 2500 3022 ’

390 3115 460 3180 os
500 3112 561 3179 δ’
616 3109 755 3190 αἶψ’
810 3117 1147 3197 εἴσβαινον
1193 3112 1302 3180 καὶ
1350 3111 1454 3178 ἐπὶ
1499 3117 1718 3196 κληῖσι
1765 3115 2055 3190 καθῖζον.

391 3220 565 3305 [ἑξῆς
612 3219 673 3287 δ’
728 3220 1019 3305 ἑζόμενοι
1064 3222 1306 3305 πολιὴν
1353 3220 1478 3284 ἅλα
1524 3221 1769 3285 τύπτον
1816 3218 2152 3303 ἐρετμοῖς]

388 3327 548 3413 ἡμῖν
595 3326 654 3393 δ’
708 3322 793 3393 αὖ
840 3330 1199 3393 κατόπισθε
1247 3328 1396 3403 νεὸς
1439 3325 1943 3411 κυανοπρώροιο

391 3440 660 3518 ἴκμενον
706 3428 913 3517 οὖρον
958 3433 1044 3499 ῖει
1089 3435 1510 3516 πλησίστιον,
1558 3431 1807 3497 ἐσθλὸν
1853 3428 2144 3515 ἑταῖρον,

391 3541 604 3625 Κίρκη
652 3539 1089 3625 ἐυπλόκαμος,
1138 3539 1321 3622 δεινὴ
1369 3540 1528 3614 θεὸς
1573 3536 1923 3620 αὐδήεσσα.
2305 3555 2411 3606 150
