2646 3932
1028 228 1444 280 οΔΤΣΣΕΙΑΣ
1482 231 1548 283 x,
2177 230 2302 295 157

282 369 354 436 ἐκ
400 364 464 434 δ’
513 371 712 456 ἔθορε
756 375 999 456 κλῆρος
1044 370 1491 457 μεγαλήτορος
1534 371 1968 459 Εὐρυλόχοιο.

282 478 366 559 βῆ
415 471 480 541 δ’
532 474 734 559 ἰέναι,
780 477 914 560 ἅμα
956 485 1046 565 τῷ
1093 500 1169 559 γε
1216 477 1359 542 δύω
1402 476 1514 542 καὶ
1559 474 1763 544 εἰκοσ’
1813 477 2060 564 ἑταῖροι

281 585 648 659 κλαίοντες·
692 584 854 648 κατὰ
901 578 964 647 δ’
1015 583 1185 667 ἄμμε
1231 586 1429 649 λίπον
1473 585 1807 667 γοόωντας
1852 586 2150 650 ὄπισθεν.

281 682 483 773 εὗρον
530 682 593 754 δ’
646 687 719 754 έν
764 687 1051 774 βήσσῃσι
1096 688 1458 774 τετυγμένα
1505 691 1773 774 δώματα
1818 693 2069 775 Κίρκης
2203 708 2306 756 210

281 791 608 871 ξεστοῖσιν
654 795 914 877 λάεσσι,
961 794 1368 884 περισκέπτῳ
1415 794 1516 861 ἐνὶ
1559 782 1778 884 χώρῳ·

281 897 452 984 ἀμφὶ
499 898 579 965 δέ
619 925 735 984 μιν
781 902 973 966 λύκοι
1015 897 1187 985 ἦσαν
1233 900 1569 988 ὀρέστεροι
1615 897 1735 984 ἠδὲ
1780 899 2069 985 λέοντες,

279 1008 435 1083 τοὺς
480 1006 646 1091 αὐτὴ
691 1006 1113 1090 κατέθελξεν,
1161 1007 1302 1073 ἐπεὶ
1346 1010 1514 1073 κακὰ
1558 999 1848 1095 φάρμακ’
1900 1008 2161 1073 ἔδωκεν.

280 1106 428 1177 οὐδ’
479 1114 550 1178 οἵ
588 1108 652 1196 γ’
704 1112 1116 1199 ὡρμήθησαν
1162 1108 1264 1178 ἐπ’
1315 1113 1670 1199 ἀνδράσιν,
1718 1109 1862 1178 ἀλλ’
1915 1114 2043 1198 ἄρα
2086 1117 2198 1179 τοί
2230 1138 2304 1197 γε

280 1218 561 1304 οὐρῇσιν
606 1228 893 1304 μακρῇσι
937 1222 1475 1305 περισσαίνοντες
1520 1218 1819 1284 ἀνέσταν.
2199 1236 2303 1285 215

280 1324 369 1401 ὡς
416 1320 478 1389 δ’
529 1320 625 1389 ὅτ’
675 1324 760 1390 ἂν
806 1323 975 1410 ἀμφὶ
1022 1325 1270 1389 ἄνακτα
1313 1326 1511 1401 κύνες
1557 1327 1877 1409 δαίτηθεν
1922 1326 2110 1392 ἰόντα

281 1426 580 1513 σαίνωσ’,
629 1428 759 1496 αἰεὶ
804 1432 929 1516 γάρ
975 1454 1045 1495 τε
1092 1428 1281 1515 φέρει
1328 1433 1716 1515 μειλίγματα
1759 1436 2019 1515 θυμοῦ,

280 1532 370 1614 ὥς
414 1539 571 1614 τοὺς
618 1535 788 1622 ἀμφὶ
834 1537 1027 1601 λύκοι
1069 1537 1562 1623 κρατερώνυχες
1606 1533 1725 1620 ἠδὲ
1769 1535 2031 1615 λέοντες

279 1654 540 1708 σαῖνον·
585 1640 690 1708 τοὶ
736 1637 798 1707 δ’
849 1643 1142 1725 ἔδεισαν,
1190 1640 1331 1707 ἐπεὶ
1377 1644 1528 1707 ἴδον
1573 1643 1728 1707 αἰνὰ
1773 1641 2052 1729 πέλωρα.

278 1751 474 1814 ἔσταν
519 1744 581 1814 δ’
633 1747 708 1814 έν
751 1749 1159 1833 προθύροισι
1201 1755 1367 1825 θεᾶς
1411 1748 2002 1832 καλλιπλοκάμοιο,
2198 1766 2300 1816 220

277 1858 527 1942 Κίρκης
574 1850 637 1921 δ’
686 1856 886 1920 ἔνδον
933 1856 1180 1920 ἄκουον
1227 1853 1581 1938 ἀειδούσης
1626 1853 1739 1919 ὀπὶ
1784 1859 1980 1940 καλῇ,

278 1964 462 2029 ἰστὸν
509 1959 935 2046 ἐποιχομένης
980 1959 1186 2045 μέγαν
1233 1962 1598 2048 ἄμβροτον,
1645 1952 1755 2027 οἷα
1798 1961 2026 2027 θεάων

277 2071 478 2136 λεπτά
522 2093 593 2135 τε
636 2067 748 2134 καὶ
792 2071 1101 2153 χαρίεντα
1145 2065 1256 2133 καὶ
1302 2067 1515 2150 ἀγλαὰ
1560 2069 1720 2154 ἔργα
1764 2065 2094 2133 πέλονται.

275 2187 449 2242 τοῖσι
494 2172 569 2241 δὲ
612 2176 854 2260 μύθων
898 2170 1056 2260 ἦρχε
1103 2177 1394 2258 Πολίτης
1449 2175 1734 2258 ὄρχαμος
1779 2173 2076 2259 ἀνδρῶν,

277 2282 350 2359 ὅς
394 2305 508 2367 μοι
550 2278 858 2365 κήδιστος
904 2278 1155 2365 ἑτάρων
1197 2274 1285 2362 ἦν
1328 2281 1721 2356 κεδνότατός
1765 2299 1864 2345 τε·
2194 2296 2295 2345 225

277 2383 352 2472 ,ὦ
399 2391 615 2474 φίλοι,
663 2387 862 2450 ἔνδον
907 2387 1033 2471 γάρ
1080 2408 1179 2462 τις
1223 2383 1615 2469 ἐποιχομένη
1660 2383 1869 2469 μέγαν
1917 2385 2102 2450 ἰστὸν

274 2495 478 2559 καλὸν
523 2491 835 2573 ἀοιδιάει,
881 2491 1173 2556 δάπεδον
1219 2485 1278 2555 δ’
1331 2491 1506 2555 ἅπαν
1552 2488 2039 2574 ἀμφιμέμυκεν,

274 2600 316 2684 ἢ
361 2601 521 2677 θεὸς
564 2595 639 2682 ἠὲ
683 2596 884 2682 γυνή·
930 2596 1096 2662 ἀλλὰ
1142 2597 1598 2682 φθεγγώμεθα
1640 2595 1946 2661 θᾶσσονέ

363 2703 453 2784 ὧς
497 2700 602 2791 ἄρ’
653 2704 1026 2790 ἐφώνησεν,
1071 2702 1174 2768 τοὶ
1221 2700 1295 2767 δὲ
1342 2701 1721 2787 φθέγγοντο
1767 2705 2132 2780 καλεῦντες.

272 2813 315 2897 ἡ
364 2808 426 2878 δ’
476 2807 618 2890 αἶψ’
670 2810 1033 2889 ἐξελθοῦσα
1076 2810 1296 2895 θύρας
1341 2808 1491 2887 ὤιξε
1536 2797 1813 2894 φαεινὰς
2187 2826 2289 2875 230

274 2918 385 2985 καὶ
426 2921 637 2984 κάλει·
683 2918 755 2982 οἱ
796 2911 857 2981 δ’
908 2916 1041 3000 ἅμα
1083 2915 1322 2991 πάντες
1369 2914 1740 3002 ἀιδρείῃσιν
1786 2913 2050 2981 ἕποντο·

274 3025 657 3111 Εὐρύλοχος
701 3018 765 3088 δ’
813 3020 1193 3105 ὑπέμεινεν,
1240 3020 1592 3105 ὀισάμενος
1636 3021 1841 3086 δόλον
1886 3014 2073 3084 εἶναι.

275 3120 451 3195 εἷσεν
497 3123 558 3193 δ’
610 3130 1053 3209 εἰσαγαγοῦσα
1095 3126 1259 3190 κατὰ
1301 3125 1621 3210 κλισμούς
1662 3148 1734 3190 τε
1777 3127 2070 3211 θρόνους
2113 3150 2212 3209 τε,

273 3236 347 3303 έν
394 3233 473 3301 δέ
513 3250 677 3319 σφιν
721 3235 927 3318 τυρόν
970 3254 1042 3296 τε
1085 3230 1196 3296 καὶ
1240 3232 1486 3317 ἄλφιτα
1530 3228 1641 3296 καὶ
1686 3229 1835 3315 μέλι
1877 3232 2135 3318 χλωρὸν

271 3350 434 3431 οἴνῳ
482 3342 836 3427 Πραμνείῳ
884 3338 1108 3404 ἐκύκα·
1154 3336 1465 3423 ἀνέμισγε
1511 3334 1584 3403 δὲ
1621 3340 1782 3426 σίτω
2179 3354 2283 3404 236

270 3450 582 3535 φάρμακα
626 3440 843 3529 λύγρ’,
889 3445 1000 3509 ἵνα
1042 3444 1259 3529 πάγχυ
1305 3447 1626 3510 λαθοίατο
1672 3444 1985 3530 πατρίδος
2031 3449 2194 3527 αἴης.

269 3554 477 3638 αὐτὰρ
525 3549 664 3616 ἐπεὶ
711 3549 920 3616 δῶκέν
964 3573 1034 3615 τε
1078 3548 1188 3616 καὶ
1235 3552 1493 3633 ἔκπιον,
1542 3545 1749 3615 αὐτίκ’
1800 3552 2018 3615 ἔπειτα
