2646 3932
402 186 488 250 82
1144 190 1559 242 οΔΤΣΣΕῐΑΣ
1595 192 1659 243 E.
1745 267 1748 270 ρ

398 337 608 397 εἴκοσι
653 326 714 396 δ’
768 334 997 415 ἔκβαλε
1042 333 1287 414 πάντα,
1333 331 1732 416 πελέκκησεν
1778 327 1839 398 δ’
1893 334 2019 419 ἄρα
2064 339 2313 424 χαλκῷ,

398 434 582 514 ξέσσε
627 433 689 503 δ’
739 437 1181 522 ἐπισταμένως
1224 437 1335 503 καὶ
1379 436 1489 504 ἐπὶ
1534 439 1840 523 στάθμην
1886 445 2142 506 ῢθυνεν.
2314 457 2419 506 245

394 545 612 629 τόφρα
658 538 721 610 δ’
773 546 980 610 ἔνεικε
1023 543 1295 630 τέρετρα
1340 545 1637 622 Καλυψὼ
1686 546 1799 610 δῖα
1843 546 2099 611 θεάων·

394 647 706 735 τέτρηνεν
751 644 814 716 δ’
867 651 995 736 ἄρα
1038 651 1253 716 πάντα
1297 648 1409 716 καὶ
1453 650 1745 736 ἥρμοσεν
1792 650 2212 736 ἀλλήλοισιν,

397 758 756 840 γόμφοισιν
803 749 867 821 δ’
918 757 1047 841 ἄρα
1089 758 1214 840 τήν
1257 780 1333 839 γε
1378 755 1488 821 καὶ
1536 755 1932 842 ἁρμονίῃσιν
1978 759 2283 843 ἄρασσεν.

396 860 601 926 ὅσσον
644 864 745 938 τίς
789 855 847 926 τ’
900 863 1148 946 ἔδαφος
1191 864 1351 945 νηὸς
1394 861 1796 947 τορνώσεται
1842 862 2011 949 ἀνὴρ

395 968 714 1053 φορτίδος
760 967 1048 1053 εὐρείης,
1095 967 1171 1033 ἐὺ
1217 968 1411 1044 εἰδὼς
1453 969 1944 1052 τεκτοσυνάων,
2311 986 2416 1036 250

393 1075 638 1139 τόσσον
684 1067 786 1138 ἔπ’
835 1073 1101 1159 εὐρεῖαν
1148 1075 1419 1158 σχεδίην
1463 1068 1767 1157 ποιήσατ’
1814 1069 2183 1152 Ὀδυσσεύς.

395 1186 573 1265 ἴκρια
619 1175 694 1245 δὲ
739 1182 1012 1264 στήσας,
1060 1180 1329 1265 ἀραρὼν
1372 1177 1618 1263 θαμέσι
1664 1182 2120 1264 σταμίνεσσιν,

393 1288 594 1350 ποίει·
641 1284 803 1369 ἀτὰρ
851 1293 1179 1371 μακρῇσιν
1224 1286 1719 1369 ἐπηγκενίδεσσι
1763 1286 2048 1351 τελεύτα.

393 1390 467 1456 ἐν
514 1385 576 1455 δ’
630 1390 816 1456 ἱστὸν
859 1394 1036 1456 ποίει
1079 1389 1189 1456 καὶ
1236 1390 1533 1476 ἐπίκριον
1580 1392 1869 1477 ἄρμενον
1915 1392 2122 1481 αὐτῷ·

391 1498 556 1583 πρὸς
602 1491 664 1561 δ’
717 1497 844 1582 ἄρα
879 1497 1209 1580 πηδάλιον
1253 1499 1606 1581 ποιήσατο,
1654 1492 1809 1583 ὄφρ’
1864 1499 2109 1563 ἰθύνοι.
2309 1517 2413 1565 256

392 1601 602 1688 φράξε
648 1600 727 1667 δέ
770 1626 886 1687 μιν
932 1591 1193 1687 ῥίπεσσι
1241 1599 1593 1688 διαμπερὲς
1639 1605 2018 1688 οἰσυΐνησιν

391 1708 678 1792 κύματος
722 1704 906 1794 εἶλαρ
945 1710 1125 1793 ἔμεν·
1171 1709 1426 1791 πολλὴν
1473 1703 1535 1773 δ’
1587 1708 1935 1793 ἐπεχεύατο
1981 1709 2170 1794 ὕλην.

389 1816 606 1899 τόφρα
644 1810 717 1879 δὲ
762 1809 955 1900 φάρε’
1007 1816 1212 1879 ἔνεικε
1258 1815 1555 1891 Καλυψὼ
1603 1815 1715 1880 δῖα
1758 1816 1988 1880 θεάων

393 1921 567 1986 ίστία
613 1922 1050 2004 ποιήσασθαι·
1096 1919 1133 1987 ὁ
1181 1914 1244 1987 δ’
1295 1914 1372 1986 εὖ
1416 1922 1774 2005 τεχνήσατο
1820 1919 1931 1987 καὶ
1968 1922 2064 1987 τά.

390 2026 465 2093 ἐν
492 2020 554 2092 δ’
590 2025 837 2111 ὑπέρας
864 2051 935 2092 τε
962 2028 1206 2104 κάλους
1231 2050 1302 2092 τε
1329 2028 1539 2103 πόδας
1564 2020 1623 2090 τ’
1657 2025 1969 2110 ἐνέδησεν
1996 2027 2070 2093 ἐν
2089 2028 2277 2113 αὐτῇ,
2307 2045 2412 2095 260

390 2137 734 2218 μοχλοῖσιν
781 2127 846 2198 δ’
896 2135 1024 2218 ἄρα
1068 2137 1191 2217 τήν
1235 2157 1310 2216 γε
1357 2135 1742 2218 κατείρυσεν
1786 2134 1881 2210 εἰς
1925 2134 2051 2199 ἅλα
2097 2136 2267 2199 δῖαν.

475 2237 788 2324 τέτρατον
832 2233 1007 2324 ἦμαρ
1054 2242 1200 2323 ἔην,
1244 2236 1358 2304 καὶ
1398 2246 1490 2326 τῳ
1534 2236 1868 2304 τετέλεστο
1915 2239 2197 2304 ἅπαντα·

388 2352 480 2432 τῳ
528 2339 594 2409 δ’
641 2346 769 2430 ἄρα
813 2342 1081 2432 πέμπτῳ
1127 2338 1325 2429 πέμπ’
1379 2342 1506 2409 ἀπὸ
1551 2345 1764 2425 νήσου
1811 2345 1922 2408 δῖα
1968 2346 2263 2422 Καλυψὼ

390 2450 619 2535 εἵματά
662 2445 722 2514 τ’
775 2449 1152 2535 ἀμφιέσασα
1194 2450 1469 2514 θυώδεα
1512 2447 1625 2514 καὶ
1670 2450 1984 2515 λούσασα.

389 2555 464 2622 ἐν
509 2555 589 2622 δέ
628 2556 701 2622 οἱ
740 2555 946 2622 ἀσκὸν
990 2558 1189 2640 ἔθηκε
1233 2557 1364 2620 θεά
1409 2553 1691 2639 μέλανος
1735 2561 1948 2621 οἴνοιο
2305 2573 2407 2623 266

387 2664 506 2729 τὸν
551 2660 808 2747 ἕτερον,
855 2661 1085 2747 ἕτερον
1132 2655 1196 2727 δ’
1245 2660 1491 2737 ὕδατος
1535 2659 1773 2745 μέγαν,
1820 2659 1894 2726 ἐν
1940 2657 2014 2726 δὲ
2058 2660 2171 2727 καὶ
2215 2653 2302 2748 ᾖα

388 2769 691 2856 κωρύκῳ·
738 2767 812 2833 ἐν
858 2766 937 2834 δέ
978 2768 1050 2834 οί
1089 2769 1221 2846 ὄψα
1264 2770 1442 2833 τίθει
1486 2765 1824 2851 μενοεικέα
1868 2768 2097 2832 πολλά.

390 2868 597 2959 οὖρον
643 2870 717 2939 δὲ
760 2873 1084 2960 προέηκεν
1129 2873 1435 2957 ἀπήμονά
1477 2896 1548 2938 τε
1596 2875 1828 2958 λιαρόν
1872 2893 1971 2938 τε·

387 2982 769 3064 γηθόσυνος
814 2974 883 3045 δ’
933 2981 1113 3067 οὔρῳ
1160 2973 1387 3044 πέτασ’
1441 2979 1615 3044 ίστία
1662 2980 1805 3054 δῖος
1845 2972 2212 3057 Ὀδυσσεύς.

389 3085 597 3171 αὐτὰρ
643 3084 680 3151 ὁ
724 3087 1023 3173 πηδαλίῳ
1072 3086 1345 3150 ὐθύνετο
1389 3082 1790 3169 τεχνηέντως
2304 3101 2409 3151 270

386 3192 658 3275 ἥμενος,
706 3190 870 3257 οὐδέ
910 3192 982 3257 οί
1019 3190 1228 3268 ὕπνος
1273 3189 1382 3255 ἐπὶ
1426 3190 1865 3276 βλεφάροισιν
1912 3193 2178 3255 ἔπιπτεν

390 3297 733 3380 Πληιάδας
775 3291 832 3361 τ’
885 3296 1203 3381 ἐσορῶντι
1247 3294 1360 3361 καὶ
1402 3292 1526 3373 ὀψὲ
1572 3295 1821 3367 δύοντα
1868 3296 2145 3379 Βοώτην

388 3403 632 3488 ἄρκτον
674 3397 776 3485 θ’,
820 3401 907 3486 ἣν
951 3399 1061 3467 καὶ
1108 3400 1362 3486 ἄμαξαν
1408 3401 1749 3484 ἐπίκλησιν
1794 3400 2177 3482 καλέουσιν,

388 3509 430 3592 ἦ
474 3503 532 3573 τ’
585 3509 794 3575 αὐτοῦ
840 3506 1188 3593 στρέφεται
1234 3509 1352 3572 καί
1388 3502 1449 3572 τ’
1495 3501 1778 3593 Ὠρίωνα
1825 3506 2115 3589 δοκεύει,
