2646 3932
998 189 1414 241 οΔΤΣΣΕῑΑΣ
1449 190 1523 244 11.
2171 185 2260 249 25

234 327 624 415 ἀφραδέων,
671 328 813 396 ἐπεὶ
857 332 941 398 οὔ
985 354 1050 397 τι
1094 335 1420 416 νοήμονες
1465 328 1624 398 οὐδὲ
1671 332 1947 397 δίκαιοι·

234 434 403 501 οὐδέ
442 459 508 501 τι
553 443 779 502 ἴσασιν
821 437 1122 502 θάνατον
1164 434 1276 502 καὶ
1320 445 1491 522 κῆρα
1536 435 1885 522 μέλαιναν,

233 540 310 619 ὃς
356 543 441 627 δή
488 559 612 626 σφι
657 543 896 628 σχεδόν
941 541 1153 626 έστιν,
1198 540 1299 608 ἐπ’
1353 543 1551 627 ἤματι
1595 543 1847 620 πάντας
1890 539 2185 608 ὀλέσθαι.

232 645 346 713 σοὶ
365 645 430 714 δ’
466 648 622 725 ὁδὸς
648 644 871 712 οὐκέτι
901 648 1109 732 δηρὸν
1136 644 1511 731 ἀπέσσεται,
1539 647 1626 732 ἣν
1655 650 1741 714 σὺ
1768 655 2106 734 μενοινᾷς·
2155 663 2257 712 285

232 764 418 831 τοῖος
461 754 590 839 γάρ
634 776 740 820 τοι
783 751 1040 838 ἑταῖρος
1086 751 1213 835 ἐγὼ
1258 753 1590 839 πατρώιός
1633 754 1798 838 εἰμι,

233 859 309 937 ὅς
352 881 459 925 τοι
501 867 633 943 νῆα
674 858 855 942 θοὴν
901 856 1140 924 στελέω
1186 856 1297 924 καὶ
1343 856 1453 943 ἅμ’
1506 857 1747 944 ἕψομαι
1794 858 2007 936 αὐτός.

233 965 402 1031 ἀλλὰ
448 967 534 1030 σὺ
577 959 702 1049 μὲν
744 966 911 1049 πρὸς
955 962 1201 1049 δώματ’
1255 966 1379 1030 ἰὼν
1422 973 1835 1050 μνηστῆρσιν
1880 963 2123 1049 ὁμίλει,
2181 994 2187 1001 ·

233 1072 556 1138 ὅπλισσόν
598 1068 659 1136 τ’
710 1071 826 1154 ἤια
867 1067 981 1136 καὶ
1025 1072 1297 1155 ἄγγεσιν
1344 1072 1554 1157 ἄρσον
1598 1070 1885 1153 ἅπαντα,

233 1173 425 1244 οἶνον
461 1177 535 1243 έν
570 1176 1027 1262 ἀμφιφορεῦσι
1060 1173 1174 1242 καὶ
1209 1178 1476 1261 ἄλφιτα,
1514 1176 1761 1260 μυελὸν
1798 1173 2085 1260 ἀνδρῶν,
2154 1189 2257 1240 290

233 1281 556 1368 δέρμασιν
601 1281 677 1349 έν
719 1292 1128 1348 πυκινοῖσιν·
1176 1282 1303 1366 ἐγὼ
1354 1280 1416 1348 δ’
1468 1282 1596 1348 ἀνὰ
1643 1282 1858 1366 δῆμον
1902 1279 2205 1365 ἑταίρους

233 1384 377 1467 αἶψ’
430 1388 872 1474 ἐθελοντῆρας
915 1387 1331 1474 συλλέξομαι.
1396 1386 1525 1454 εἰσὶ
1571 1384 1645 1454 δὲ
1688 1396 1844 1472 νῆες

231 1492 474 1560 πολλαὶ
518 1495 592 1562 ἐν
627 1496 936 1584 ἀμφιάλῳ
976 1491 1205 1580 Ἰθάκῃ
1221 1543 1240 1577 ,
1286 1492 1433 1560 νέαι
1478 1490 1597 1578 ἠδὲ
1639 1495 1939 1559 παλαιαί·

230 1600 409 1667 τάων
455 1599 579 1685 μέν
620 1625 725 1668 τοι
770 1602 942 1685 ἐγὼν
987 1600 1365 1684 ἐπιόψομαι,
1411 1601 1453 1683 ἥ
1498 1624 1599 1678 τις
1644 1599 1910 1685 ἀρίστη,

232 1702 371 1773 ὦκα
417 1705 479 1772 δ’
533 1707 1050 1792 ἐφοπλίσσαντες
1095 1705 1419 1790 ἐνήσομεν
1463 1705 1643 1791 εὐρέι
1686 1706 1973 1794 πόντῳ.“
2152 1722 2255 1771 295

321 1807 411 1891 ὧς
456 1812 611 1899 φάτ’
657 1811 978 1897 Ἀθηναίη
1035 1813 1243 1897 κούρη
1289 1814 1486 1890 Διός·
1531 1810 1681 1879 οὐδ’
1733 1809 1840 1898 ἄρ’
1885 1814 1980 1876 ἔτι
2026 1811 2154 1895 δὴν

241 1917 619 2005 Τηλέμαχος
661 1916 1100 2005 παρέμιμνεν,
1147 1916 1288 1985 ἐπεὶ
1333 1923 1504 1985 θεοῦ
1549 1921 1782 1985 ἔκλυεν
1826 1917 2058 2002 αὐδήν.

230 2028 317 2109 βῆ
356 2023 417 2091 δ’
471 2024 643 2092 ἰέναι
685 2028 852 2112 πρὸς
897 2027 1085 2110 δῶμα
1130 2028 1332 2109 φίλον
1376 2022 1753 2110 τετιημένος
1795 2019 1987 2110 ἦτορ,

232 2125 384 2217 εὗρε
432 2129 494 2197 δ’
546 2133 674 2218 ἄρα
718 2139 1093 2217 μνηστῆρας
1139 2131 1474 2217 ἀγήνορας
1519 2130 1593 2197 ἐν
1638 2130 2025 2214 μεγάροισιν

232 2232 423 2320 αἶγας
469 2235 854 2322 ἀνιεμένους
890 2237 1162 2313 σιάλους
1205 2233 1280 2301 θ’
1334 2237 1609 2314 εὕοντας
1653 2235 1727 2301 έν
1772 2235 1959 2321 αὐλῇ.
2150 2252 2255 2303 300

226 2341 561 2421 Ἀντίνοος
596 2341 659 2408 δ’
714 2346 869 2420 mg
914 2343 1194 2426 γελάσας
1237 2345 1337 2410 κίε
1392 2342 1829 2427 Τηλεμάχοιο,

233 2452 325 2515 ἔν’
352 2446 410 2515 τ’
463 2450 590 2535 ἄρα
636 2450 708 2515 οἰ
747 2459 844 2534 φῦ
888 2453 1088 2535 χειρί,
1135 2453 1290 2527 ἔπος
1323 2446 1384 2516 τ’
1436 2446 1626 2534 ἔφατ’
1679 2453 1753 2515 ἔκ
1796 2446 1854 2514 τ’
1907 2448 2253 2534 ὀνόμαζεν·

234 2604 277 2640 ,,
288 2552 608 2640 Τηλέμαχ’
660 2554 997 2641 ὑψαγόρη,
1045 2554 1243 2641 μένος
1287 2558 1546 2641 ἄσχετε,
1593 2560 1683 2641 μή
1718 2559 1791 2622 τί
1826 2580 1932 2623 τοι
1975 2557 2137 2622 ἄλλο

233 2661 307 2727 ἐν
352 2664 672 2746 στήθεσσι
716 2664 920 2728 κακὸν
963 2661 1208 2747 μελέτω
1263 2665 1464 2749 ἔργον
1507 2687 1579 2729 τε
1625 2666 1781 2741 ἔπος
1823 2686 1925 2746 τε,

233 2766 400 2833 ἀλλά
434 2791 548 2851 μοι
584 2766 894 2853 ἐσθιέμεν
927 2766 1040 2834 καὶ
1083 2766 1379 2853 πινέμεν,
1425 2769 1515 2847 ὡς
1558 2768 1634 2835 τὸ
1669 2770 1881 2855 πάρος
1914 2791 2057 2855 περ.
2149 2786 2253 2836 305

231 2882 437 2939 ταῦτα
482 2871 561 2939 δέ
600 2897 704 2940 τοι
739 2875 914 2959 μάλα
956 2875 1171 2941 πάντα
1205 2877 1715 2960 τελευτήσουσιν
1753 2874 2031 2963 Ἀχαιοί,

233 2988 361 3063 νῆα
404 2976 515 3045 καὶ
534 2974 845 3057 ’ἐξαίτους
881 2979 1131 3066 ἐρέτας,
1177 2983 1291 3046 ἵνα
1333 2988 1600 3048 θᾶσσον
1645 2983 1827 3068 ἵκηαι
2041 2970 2045 2974 ’

235 3083 301 3162 ἐς
346 3085 580 3150 Πύλον
623 3085 924 3171 ἠγαθέην
966 3085 1105 3173 μετ’
1157 3087 1416 3171 ἀγαυοῦ
1458 3089 1706 3175 πατρὸς
1750 3088 2067 3174 ἀκουήν.“

319 3191 439 3256 τὸν
483 3187 546 3256 δ’
598 3186 684 3257 αὖ
739 3191 1113 3278 Τηλέμαχος
1155 3192 1572 3279 πεπνυμένος
1616 3194 1847 3261 ἀντίον
1889 3197 2094 3280 ηὔδα·

236 3293 580 3379 ,,Ἀντίνο’,
627 3297 710 3362 οὔ
752 3318 893 3374 πως
935 3300 1119 3364 ἔστιν
1162 3298 1636 3384 ὑπερφιάλοισι
1671 3297 1827 3385 μεθ’
1876 3300 2038 3386 ὑμῖν
2147 3318 2252 3366 310

236 3403 606 3468 δαίνυσθαί
642 3398 700 3467 τ’
753 3401 1031 3469 ἀκέοντα
1075 3401 1186 3469 καὶ
1231 3404 1719 3491 εὐφραίνεσθαι
1762 3404 2020 3490 ἕκηλον.

236 3502 276 3592 ἦ
322 3507 444 3592 οὐχ
481 3507 655 3590 ἄλις,
702 3507 792 3585 ὡς
835 3508 912 3575 τὸ
955 3510 1286 3596 πάροιθεν
1332 3510 1612 3598 ἐκείρετε
1646 3511 1860 3578 πολλὰ
1894 3507 2006 3576 καὶ
2042 3509 2252 3577 ἐσθλὰ
