2646 3932
995 229 1412 282 οΔΤΣΣΕΙΑΣ
1449 232 1545 286 lx,
2147 231 2271 296 143

249 370 546 459 ἡμετέρη.
639 370 749 438 σοὶ
795 369 856 438 δ’
911 366 998 437 αὖ
1044 373 1280 456 λοιβὴν
1328 370 1568 459 φέρον,
1615 380 1684 440 εἴ
1720 371 1788 458 μ’
1841 374 2112 460 ἐλεήσας

252 479 476 543 οἴκαδε
521 476 865 563 πέμψειας·
913 480 999 544 σὺ
1046 474 1119 543 δὲ
1164 481 1428 563 μαίνεαι
1474 476 1688 545 οὐκέτ’
1743 480 2045 558 ἀνεκτῶς.
2164 498 2271 548 360

251 582 534 669 σχέτλιε,
578 594 717 661 πῶς
759 582 876 649 κέν
918 586 1020 662 τίς
1064 599 1137 650 σε
1181 582 1293 649 καὶ
1339 583 1623 670 ὕστερον
1668 585 1868 663 ἄλλος
1912 588 2122 654 ἵκοιτο

251 690 630 777 ἀνθρώπων
673 689 964 773 πολέων,
1012 688 1152 756 ἐπεὶ
1198 689 1280 755 οὐ
1327 691 1491 756 κατὰ
1535 701 1778 777 μοῖραν
1826 695 2099 780 ἔρεξαςς·

339 791 428 874 ὧς
473 795 766 881 ἐφάμην,
813 796 849 862 6
896 793 960 862 δ’
1014 797 1238 862 ἔδεκτο
1275 794 1387 861 καὶ
1422 798 1671 862 ἔκπιεν·
1715 799 1922 882 ἥσατο
1962 798 2023 865 δ’
2068 803 2271 878 αἰνῶς

250 903 380 987 ἡδὺ
424 905 631 970 ποτὸν
674 906 892 968 πίνων
947 904 1066 967 καί
1104 898 1171 985 μ’
1222 900 1372 987 ᾔτεε
1419 903 1733 987 δεύτερον
1778 900 1990 982 αὖτις·

250 1011 390 1093 ,δός
435 1033 549 1093 μοι
594 1011 691 1075 ἔτι
733 1010 1092 1094 πρόφρων,
1136 1010 1256 1073 καί
1290 1031 1407 1092 μοι
1448 1009 1602 1074 τεὸν
1648 1010 1904 1095 οὔνομα
1949 1007 2088 1077 εἰπε
2164 1027 2269 1077 365

250 1116 486 1181 αὐτίκα
528 1123 690 1198 νῦν,
737 1115 849 1180 ἵνα
891 1137 997 1180 τοι
1045 1115 1140 1180 δῶ
1189 1113 1465 1196 ξείνιον,
1512 1105 1564 1203 ᾦ
1610 1138 1683 1180 κε
1730 1119 1816 1181 σὺ
1860 1120 2106 1204 χαίρῃς.

249 1220 360 1287 καὶ
404 1223 532 1307 γὰρ
578 1221 1017 1287 Κυκλώπεσσι
1064 1218 1253 1305 φέρει
1300 1221 1608 1306 ζείδωρος
1653 1221 1909 1308 ἄρουρα

250 1323 440 1394 οἶνον
486 1326 962 1414 ἐριστάφυλον,
1007 1328 1126 1392 καί
1165 1342 1331 1410 σφιν
1374 1327 1543 1403 Διὸς
1587 1328 1834 1412 ὄμβρος
1881 1328 2077 1409 ἀέξει·

251 1434 416 1499 ἀλλὰ
462 1430 602 1500 τόδ’
656 1433 1020 1519 ἀμβροσίης
1064 1429 1175 1497 καὶ
1218 1430 1535 1518 νέκταρός
1579 1432 1760 1499 ἐστιν
1806 1434 2154 1523 ἀπορρώξέ

339 1535 429 1617 ὧς
465 1536 647 1624 φάτ’,
686 1539 849 1625 ἀτάρ
888 1540 959 1605 οἱ
989 1532 1176 1614 αὖτις
1212 1536 1341 1620 ἐγὼ
1377 1540 1590 1624 πόρον
1626 1545 1879 1606 αἴθοπα
1915 1537 2121 1608 οἶνον.
2165 1558 2272 1608 360

249 1644 391 1731 τρὶς
435 1642 557 1730 μὲν
601 1646 815 1711 ἔδωκα
862 1642 1118 1732 φέρων,
1162 1642 1307 1730 τρὶς
1354 1640 1416 1709 δ’
1470 1647 1693 1711 ἔκπιεν
1738 1646 2166 1734 ἀφραδίῃσιν.
2227 1676 2230 1679 ·

251 1752 459 1838 αὐτὰρ
505 1749 645 1818 ἐπεὶ
689 1753 1025 1817 Κύκλωπα
1070 1749 1222 1836 περὶ
1268 1748 1519 1836 φρένας
1562 1752 1819 1835 ἤλυθεν
1866 1749 2077 1837 οἶνος,

250 1856 360 1924 καὶ
403 1860 548 1923 τότε
596 1858 680 1941 δή
724 1882 840 1942 μιν
885 1860 1111 1923 ἔπεσσι
1153 1856 1558 1942 προσηύδων
1602 1861 2048 1943 μειλιχίοισιν·

253 1964 597 2048 ,Κύκλωψ,
643 1966 919 2052 εἰρωτᾷς
962 1960 1029 2049 μ’
1083 1964 1294 2048 ὄνομα
1338 1965 1613 2047 κλυτόν,
1660 1964 1869 2051 αὐτὰρ
1917 1964 2044 2048 ἐγώ
2090 1990 2196 2032 τοι

251 2070 510 2157 ἐξερέω·
556 2072 642 2136 σὺ
687 2069 767 2136 δέ
806 2094 920 2155 μοι
965 2071 1083 2148 δὸς
1128 2070 1406 2153 ξείνιον,
1452 2071 1543 2147 ὥς
1585 2089 1709 2157 περ
1753 2069 2054 2155 ὑπέστης.
2167 2090 2272 2139 365

256 2172 455 2254 Οὖτις
500 2175 655 2261 ἐμοί
689 2170 755 2259 γ’
807 2176 1044 2260 ὄνομα·
1112 2170 1319 2242 Οὖτιν
1366 2174 1448 2241 δέ
1486 2199 1567 2261 με
1611 2180 2084 2261 κικλήσκουσιν

251 2286 462 2369 μήτηρ
509 2277 628 2367 ἠδὲ
671 2282 886 2368 πατὴρ
931 2279 1038 2365 ἠδ’
1088 2283 1279 2349 ἄλλοι
1325 2284 1566 2361 πάντες
1610 2280 1899 2368 ἔτατροιέ

340 2383 429 2466 ὧς
473 2387 765 2472 ἐφάμην,
811 2387 849 2453 6
896 2386 976 2455 δέ
1013 2383 1083 2474 μ’
1134 2389 1349 2453 αὐτίκ’
1401 2390 1703 2472 ἀμείβετο
1749 2386 1938 2473 νηλέι
1979 2395 2211 2480 θυμῷ·

253 2490 484 2578 ,Οὖτιν
529 2493 658 2577 ἐγὼ
703 2494 1005 2578 πύματον
1049 2495 1284 2578 ἔδομαι
1329 2496 1490 2578 μετὰ
1536 2485 1637 2571 οἷς
1682 2493 2047 2581 ἑτάροισιν,

250 2603 408 2678 τοὺς
452 2597 511 2665 δ’
566 2600 808 2677 ἄλλους
842 2602 1169 2685 πρόσθεν·
1213 2601 1290 2666 τὸ
1329 2598 1409 2666 δέ
1437 2623 1543 2667 τοι
1581 2599 1870 2684 ξεινήιον
1906 2603 2131 2667 ἔσταιέ
2167 2620 2274 2669 370

338 2703 379 2791 ἦ
425 2705 537 2772 καὶ
583 2704 1008 2784 ἀνακλινθεὶς
1051 2704 1252 2773 πέσεν
1294 2706 1558 2790 ὕπτιος,
1605 2706 1814 2793 αὐτὰρ
1861 2708 2081 2773 ἔπειτα

251 2810 408 2879 κεῖτ’
462 2812 941 2897 ἀποδοχμώσας
983 2815 1202 2897 παχὺν
1246 2811 1527 2898 αὐχένα,
1572 2813 1701 2879 κὰδ
1745 2811 1825 2878 δέ
1864 2837 1981 2898 μιν
2025 2813 2235 2891 ὕπνος

252 2918 396 3005 ᾔρει
439 2919 914 3004 πανδαμάτωρ·
960 2919 1262 3005 φάρυγος
1308 2916 1371 2984 δ’
1425 2917 1732 3000 ἐξέσσυτο
1779 2914 1964 2997 οἶνος

252 3028 478 3110 ψωμοί
514 3022 570 3091 τ’
625 3025 1011 3110 ἀνδρόμεοι·
1055 3024 1093 3090 6
1142 3022 1202 3090 δ’
1257 3024 1561 3113 ἐρεύγετο
1609 3026 2063 3110 οἰνοβαρείων.

252 3129 363 3196 καὶ
396 3128 529 3197 τότ’
574 3130 701 3213 ἐγὼ
736 3132 856 3197 τὸν
894 3132 1142 3216 μοχλὸν
1167 3130 1297 3196 ὑπὸ
1327 3132 1584 3197 σποδοῦ
1610 3131 1824 3214 ἤλασα
1852 3135 2129 3214 πολλῆς,
2166 3147 2272 3196 375

253 3237 402 3313 εἵως
442 3240 903 3321 θερμαίνοιτο·
948 3240 1174 3303 ἔπεσσι
1219 3233 1294 3303 δὲ
1337 3238 1588 3315 πάντας
1632 3235 1936 3320 ἑταίρους

252 3342 632 3428 θάρσυνον,
679 3345 769 3427 μή
813 3346 913 3421 τίς
958 3366 1071 3428 μοι
1138 3342 1501 3417 ὑποδείσας
1565 3342 1840 3425 ἀναδύη.

253 3444 394 3514 ἀλλ’
448 3447 555 3514 ὅτε
602 3449 685 3532 δὴ
730 3446 877 3532 τάχ’
930 3448 968 3514 6
1013 3451 1256 3533 μοχλὸς
1301 3447 1562 3526 ἐλάινος
1605 3447 1680 3514 ἐν
1724 3444 1887 3533 πυρὶ
1932 3446 2169 3532 μέλλεν

251 3556 544 3636 ἅψεσθαι
586 3557 839 3639 χλωρός
880 3574 1004 3640 περ
1049 3553 1209 3638 ἐών,
1255 3556 1632 3639 διεφαίνετο
1682 3551 1743 3619 δ’
1795 3556 2027 3634 αἰνῶς,
