2646 3932
952 186 1369 237 οΔΤΣΣΕῙΑΣ
1406 188 1498 240 lv,
2142 186 2228 249 59

211 328 283 404 ὃς
326 325 440 392 κέν
485 351 589 393 τοι
635 333 899 412 εἴπῃσιν
945 326 1107 392 ὁδὸν
1151 325 1260 393 καὶ
1306 326 1511 414 μέτρα
1557 330 1885 395 κελεύθου

210 435 451 497 νόστον
495 430 597 514 θ’,
645 433 734 510 ὡς
780 432 886 498 ἐπὶ
930 435 1181 499 πόντον
1226 433 1524 500 ἐλεύσεαι
1572 436 1953 520 ἰχθυόεντα·
2124 453 2230 502 390

210 536 317 603 καὶ
365 539 443 604 δέ
483 537 560 604 κέ
598 562 703 604 τοι
749 544 1001 624 εἴπῃσι,
1049 539 1426 625 διοτρεφές,
1472 547 1550 605 αι’
1585 538 1646 605 κ’
1700 539 2069 626 ἐθέλῃσθα,

212 645 348 709 ὄττι
390 668 494 709 τοι
541 644 614 710 ἐν
659 646 1003 731 μεγάροισι
1048 648 1253 711 κακόν
1296 644 1355 710 τ’
1408 646 1669 729 ἀγαθόν
1713 670 1783 712 τε
1828 646 2128 713 τέτυκται

212 750 583 835 οἰχομένοιο
630 750 832 817 σέθεν
878 753 1154 836 δολιχὴν
1199 751 1364 817 ὁδὸν
1409 751 1740 839 ἀργαλέην
1782 755 1893 818 τεέ

299 852 388 934 ὧς
433 855 647 941 ἔφατ’,
697 858 907 944 αὐτὰρ
953 857 1081 941 ἐγώ
1128 883 1243 942 μιν
1289 858 1720 944 ἀμειβόμενος
1765 858 2187 945 προσέειπον·

213 964 398 1047 ιαὐτὴ
446 973 575 1029 νῦν
621 964 872 1048 φράζευ
917 967 1003 1030 σὺ
1050 968 1249 1049 λόχον
1291 967 1513 1031 θείοιο
1559 965 1903 1053 γέροντος,
2129 983 2232 1033 395

212 1071 299 1152 μή
345 1070 482 1145 πώς
527 1092 605 1152 με
651 1070 950 1154 προϊδὼν
993 1066 1068 1152 ἠὲ
1114 1069 1427 1155 προδαεὶς
1472 1070 1763 1155 ἀλέηται·

218 1174 535 1259 ἀργαλέος
582 1176 708 1258 γάρ
752 1173 810 1239 τ’
864 1174 1002 1240 ἐστὶ
1046 1177 1207 1252 θεὸς
1250 1179 1468 1265 βροτῷ
1515 1176 1711 1263 ἀνδρὶ
1758 1180 2087 1264 δαμῆναιέ

301 1276 389 1357 ὧς
435 1281 730 1365 ἐφάμην,
774 1280 816 1363 ἡ
865 1279 931 1346 δ’
984 1280 1196 1348 αὐτίκ’
1249 1281 1552 1367 ἀμείβετο
1600 1286 1712 1349 δῖα
1755 1286 2013 1350 θεάων·

214 1388 466 1471 ιτοιγὰρ
513 1386 641 1469 ἐγώ
690 1410 823 1470 τοι,
872 1388 1078 1471 ξεῖνε,
1125 1387 1278 1473 μάλ’
1334 1388 1653 1475 ἀτρεκέως
1698 1390 2057 1476 ἀγορεύσω.

212 1488 377 1576 ἦμος
422 1490 483 1558 δ’
536 1492 754 1576 ἠέλιος
798 1490 1004 1576 μέσον
1049 1494 1343 1580 οὐρανὸν
1388 1494 1835 1581 ἀμφιβεβήκῃ,
2132 1515 2238 1566 400

213 1607 413 1682 τῆμος
459 1596 561 1684 ἄρ’
602 1583 682 1679 ’ἐξ
726 1597 884 1676 ἁλὸς
929 1594 1059 1665 εἶσι
1103 1598 1318 1686 γέρων
1366 1601 1550 1678 ἅλιος
1593 1604 1917 1689 νημερτὴς

212 1713 410 1789 πνοιῇ
457 1704 587 1770 ὕπο
636 1707 969 1790 Ζεφύροιο
1015 1709 1290 1792 μελαίνῃ
1336 1704 1527 1793 φρικὶ
1570 1713 1969 1793 καλυφθείς,

215 1810 287 1875 ἐκ
332 1808 393 1876 δ’
447 1809 668 1876 ἐλθὼν
711 1820 1018 1896 κοιμᾶται
1062 1811 1192 1877 ὑπὸ
1239 1813 1477 1878 σπέσσι
1523 1818 1997 1899 γλαφυροῖσιν·

216 1915 386 2002 ἀμφὶ
430 1915 510 1983 δέ
551 1942 666 2001 μιν
711 1929 931 2003 φῶκαι
974 1916 1250 1996 νέποδες
1292 1923 1497 2004 καλῆς
1541 1919 1915 2005 ἁλοσύδνης

215 2023 461 2109 ἁθρόαι
506 2024 853 2106 εὕδουσιν,
898 2030 1132 2108 πολιῆς
1177 2024 1336 2102 ἁλὸς
1382 2026 1810 2109 ἐξαναδῦσαι,
2133 2044 2237 2095 405

215 2130 452 2215 πικρὸν
499 2130 976 2196 ἀποπνείουσαι
1023 2130 1180 2208 ἁλὸς
1224 2131 1679 2216 πολυβενθέος
1725 2133 1954 2218 ὀδμήν.

215 2238 385 2301 ἔνθα
430 2233 492 2301 σ’
546 2236 717 2319 ἐγὼν
762 2236 1104 2320 ἀγαγοῦσα
1148 2235 1260 2322 ἅμ’
1311 2237 1429 2320 ἠοῖ
1466 2237 1962 2324 φαινομένηφιν

215 2342 475 2407 εὐνάσω
523 2341 752 2425 ἑξείης·
798 2344 884 2407 σὺ
931 2339 994 2407 δ’
1047 2341 1122 2407 ἐὺ
1167 2345 1528 2423 κρίνασθαι
1574 2341 1874 2428 ἑταίρους

216 2459 420 2531 τρεῖς,
468 2449 538 2512 οἳ
577 2471 680 2513 τοι
724 2449 902 2533 παρὰ
946 2446 1188 2532 νηυσὶν
1234 2446 1693 2532 ἐυσσέλμοισιν
1739 2450 2011 2534 ἄριστοι.

215 2554 428 2618 πάντα
475 2551 553 2618 δέ
593 2576 696 2619 τοι
742 2552 901 2637 ἐρέω
949 2552 1247 2638 ὀλοφώια
1292 2565 1435 2619 τοῖο
1481 2552 1808 2639 γέροντος.
2132 2575 2237 2624 410

217 2660 443 2745 φώκας
487 2658 609 2744 μέν
652 2683 756 2725 τοι
801 2670 1065 2744 πρῶτον
1109 2659 1465 2744 ἀριθμήσει
1509 2659 1619 2725 καὶ
1665 2663 1942 2726 ἔπεισιν·

215 2765 422 2851 αὐτὰρ
470 2765 634 2848 ἐπὴν
678 2766 890 2843 πάσας
935 2766 1382 2849 πεμπάσσεται
1426 2760 1546 2846 ἠδὲ
1593 2766 1845 2850 ἴδηται,

215 2870 465 2952 λέξεται
510 2870 584 2937 ἐν
626 2870 906 2956 μέσσῃσι
950 2874 1191 2954 νομεὺς
1237 2869 1327 2946 ὣς
1369 2870 1576 2935 πώεσι
1621 2873 1865 2953 μήλων.

212 2979 333 3043 τὸν
377 2975 499 3062 μὲν
544 2976 710 3060 ἐπὴν
756 2978 838 3060 δὴ
883 2988 1110 3063 πρῶτα
1154 2974 1649 3058 κατευνηθέντα
1696 2978 1968 3061 ἴδησθε,

212 3082 325 3149 καὶ
369 3082 503 3149 τότ’
556 3081 768 3149 ἔπειθ’
820 3083 981 3168 ὑμῖν
1026 3080 1270 3167 μελέτω
1315 3082 1554 3166 κάρτος
1598 3104 1666 3145 τε
1715 3084 1826 3166 βίη
1873 3107 1973 3165 τε,
2128 3101 2233 3150 415

212 3185 381 3256 αὖθι
428 3189 489 3255 δ’
542 3192 715 3275 ἔχειν
760 3199 1096 3274 μεμαῶτα,
1141 3185 1253 3253 καὶ
1298 3186 1664 3271 ἐσσύμενόν
1707 3208 1831 3273 περ
1878 3188 2127 3269 ἀλύξαι.

211 3297 428 3362 πάντα
476 3291 549 3361 δὲ
594 3298 982 3380 γιγνόμενος
1025 3296 1431 3380 πειρήσεται,
1480 3289 1622 3357 ὄσσ’
1675 3290 1782 3358 ἐπὶ
1826 3305 2025 3376 γαῖαν

212 3402 452 3488 ἑρπετὰ
497 3405 869 3485 γίγνονται,
913 3398 1025 3466 καὶ
1069 3399 1252 3484 ὕδωρ
1297 3396 1409 3464 καὶ
1452 3394 1809 3475 θεσπιδαὲς
1853 3409 2014 3485 πῦρ·

211 3509 400 3594 ὑμεῖς
445 3505 508 3573 δ’
564 3505 941 3591 ἀστεμφέως
986 3503 1211 3590 ἐχέμεν
1255 3504 1508 3590 μᾶλλόν
1551 3526 1621 3568 τε
1665 3503 1923 3582 πιέζειν.
