2646 3932
1021 155 1437 207 οΔΤΣΣΕΙΑΣ
1474 157 1517 209 1.
2240 156 2273 218 7

262 294 335 382 ἠὲ
382 296 539 364 νέον
584 296 890 382 μεθέπεις
934 292 975 380 ἦ
1021 295 1131 363 καὶ
1175 298 1505 383 πατρώιος
1551 297 1695 364 ἐσσὶ
2178 316 2277 366 176

264 405 495 487 ξεῖνος,
543 402 682 469 ἐπεὶ
726 401 963 469 πολλοὶ
1009 409 1164 468 ἴσαν
1209 401 1438 488 ἀνέρες
1481 404 1802 491 ἡμέτερον
1848 406 1945 471 δῶ

262 513 474 594 ἄλλοι,
520 509 660 577 ἐπεὶ
704 508 815 575 καὶ
858 520 1077 585 κεῖνος
1122 507 1521 594 ἐπίστροφος
1564 505 1651 593 ἦν
1697 511 2137 595 ἀνθρώπων.“

348 619 467 683 τὸν
513 614 575 681 δ’
627 611 784 682 αὖτε
828 613 1175 702 προσέειπε
1220 616 1372 697 θεά,
1417 621 1795 698 γλαυκῶπις
1833 615 2111 702 Ἀθήνη·

262 723 537 807 »τοιγὰρ
584 722 712 805 ἐγώ
758 745 862 788 τοι
906 730 1113 787 ταῦτα
1156 718 1306 805 μάλ’
1362 720 1680 806 ἀτρεκέως
1726 722 2083 807 ἀγορεύσω.

260 828 530 914 Μέντης
568 827 937 913 Ἀγχιάλοιο
985 829 1353 912 δαΐφρονος
1398 829 1673 912 εὔχομαι
1719 825 1890 895 εἶναι
2181 848 2281 897 180

261 937 436 1019 υἱός,
484 935 648 1019 ἀτὰρ
704 937 1015 1018 Ταφίοισι
1063 932 1567 1019 φιληρέτμοισιν
1613 934 1897 1001 ἀνάσσω.

261 1051 390 1107 νῦν
437 1039 499 1107 δ’
551 1036 679 1107 ὧδε
727 1041 848 1120 ξὺν
892 1037 1004 1124 νηὶ
1048 1041 1434 1123 κατήλυθον
1478 1039 1584 1124 ἠδ’
1640 1040 1972 1127 ἑτάροισιν

261 1147 480 1214 πλέων
524 1145 632 1214 ἐπὶ
677 1154 916 1213 οἴνοπα
960 1149 1208 1212 πόντον
1252 1145 1354 1211 ἐπ’
1407 1147 1824 1233 ἀλλοθρόους
1861 1148 2281 1234 ἀνθρώπους,

262 1254 329 1332 ές
382 1252 675 1338 Τεμέσην
719 1255 880 1338 μετὰ
925 1255 1192 1338 χαλκόν,
1239 1254 1377 1335 ἄγω
1427 1250 1488 1317 δ’
1542 1258 1805 1319 αἴθωνα
1850 1257 2147 1341 σίδηρον.

259 1370 426 1444 νηῦς
472 1359 550 1426 δέ
590 1384 703 1445 μοι
748 1358 855 1443 ἥδ’
909 1359 1181 1444 ἕστηκεν
1218 1358 1318 1425 ἐπ’
1374 1359 1584 1443 ἀγροῦ
1619 1362 1825 1444 νόσφι
1865 1364 2130 1445 πόληος,
2182 1380 2281 1428 185

262 1467 335 1531 ἐν
381 1465 596 1551 λιμένι
631 1463 904 1554 Ῥείθρῳ
951 1464 1081 1531 ὑπὸ
1128 1468 1320 1554 Νηίῳ
1367 1466 1651 1550 ὑλήεντι.

263 1572 468 1651 ξεῖνοι
513 1570 573 1638 δ’
627 1571 932 1656 ἀλλήλων
976 1573 1297 1656 πατρώιοι
1342 1570 1652 1656 εὐχόμεθ’
1705 1568 1877 1638 εἶναι

262 1678 328 1757 ἐξ
376 1678 599 1763 ἀρχῆς,
646 1686 714 1744 εἴ
748 1678 872 1764 πέρ
917 1702 986 1745 τε
1031 1676 1291 1764 γέροντ’
1347 1685 1562 1763 εἴρηαι
1610 1678 1913 1744 ἐπελθὼν

262 1784 568 1870 Λαέρτην
613 1786 826 1872 ἥρωα,
872 1786 991 1851 τὸν
1038 1784 1257 1850 οὐκέτι
1303 1782 1469 1869 φασὶ
1514 1786 1787 1850 πόλινδε

262 1890 561 1978 ἔρχεσθ’,
591 1890 733 1958 ἀλλ’
778 1891 1160 1957 ἀπάνευθεν
1194 1888 1299 1955 ἐπ’
1336 1889 1545 1975 ἀγροῦ
1572 1894 1837 1976 πήματα
1863 1892 2139 1976 πάσχειν
2181 1908 2281 1958 190

261 1997 417 2084 γρηὶ
465 2003 593 2065 σὺν
639 1998 1020 2087 ἀμφιπόλῳ,
1067 1998 1108 2081 ἥ
1156 1999 1226 2063 οἴ
1265 2000 1520 2082 βρῶσίν
1564 2022 1632 2064 τε
1678 2001 1877 2063 πόσιν
1920 2023 1989 2063 τε

261 2111 600 2191 παρτιθεῖ,
647 2100 780 2170 εὖτ’
834 2106 918 2169 ἅν
962 2127 1078 2188 μιν
1122 2103 1411 2187 κάματος
1455 2105 1619 2170 κατὰ
1663 2115 1822 2188 γυῖα
1869 2106 2151 2191 λάβῃσιν

262 2209 601 2297 ἑρπύζοντ’
655 2210 782 2275 ἀνὰ
825 2211 1079 2293 γουνὸν
1124 2209 1341 2293 ἀλωῆς
1386 2209 1784 2277 οἰνοπέδοιο.

260 2327 389 2383 νῦν
437 2315 499 2383 δ’
550 2312 796 2399 ἦλθον·
844 2316 927 2399 δὴ
973 2317 1101 2400 γάρ
1147 2339 1263 2400 μιν
1308 2314 1537 2400 ἔφαντ’
1592 2316 1943 2401 ἐπιδήμιον
1990 2312 2191 2401 εἶναι,

263 2426 386 2489 σὸν
411 2421 636 2508 πατέρ’
656 2443 671 2458 ·
701 2423 866 2488 ἀλλά
898 2425 1116 2487 νυτόν
1133 2445 1208 2504 γε
1226 2420 1380 2487 θεοὶ
1398 2424 1766 2506 βλάπτουσι
1795 2424 2148 2489 κελεύθου·
2181 2441 2283 2490 195

263 2530 344 2595 οὐ
389 2530 517 2614 γάρ
562 2551 663 2594 πω
710 2528 1034 2612 τέθνηκεν
1079 2526 1183 2593 ἐπὶ
1228 2526 1430 2612 χθονὶ
1477 2530 1619 2606 δῖος
1660 2507 2078 2612 Ὀδυσσεύςῖ

262 2634 405 2701 ἀλλ’
457 2639 553 2701 ἔτι
598 2656 730 2700 που
778 2635 959 2719 ζωὸς,
980 2635 1402 2717 κατερύκεται
1447 2633 1626 2717 εὐρέι
1673 2638 1891 2723 πόντῳ

260 2744 442 2829 νήσῳ
489 2741 563 2806 έν
609 2739 978 2825 ἀμφιρύτῃ,
1024 2738 1295 2824 χαλεποὶ
1342 2739 1423 2805 δέ
1461 2765 1577 2825 μιν
1624 2742 1863 2824 ἄνδρες
1908 2743 2176 2825 ἔχουσιν

261 2850 502 2933 ἄγριοι,
551 2848 621 2912 οἵ
659 2868 793 2912 που
837 2858 1061 2912 κεῖνον
1107 2844 1509 2931 ἑρυκανόωσ’
1563 2846 1856 2912 ἀέκοντα.

260 2941 467 3040 αὐτὰρ
513 2963 643 3018 νῦν
687 2977 790 3019 τοι
836 2952 963 3036 ἐγὼ
1011 2954 1489 3036 μαντεύσομαι,
1538 2953 1626 3030 ὡς
1672 2951 1770 3018 ἑνὶ
1816 2958 2014 3042 θυμςδ
2179 2970 2283 3020 200

261 3061 589 3127 ἀθάνατοι
633 3061 955 3143 βάλλουσι
1000 3057 1110 3124 καὶ
1157 3059 1245 3136 ὡς
1288 3057 1631 3124 τελέεσθαι
1679 3058 1827 3139 ὀίω,

260 3168 412 3231 οὔτε
456 3190 521 3231 τι
566 3167 799 3250 μάντις
845 3165 973 3230 ἐὼν
1019 3163 1159 3230 οὔτ’
1214 3167 1476 3231 οἰωνῶν
1521 3165 1705 3248 σάφα
1752 3166 1960 3241 εἰδώς.

259 3274 342 3338 οὔ
385 3296 490 3338 τοι
536 3275 630 3337 ἔτι
676 3274 886 3357 δηρόν
929 3294 1005 3354 γε
1053 3275 1253 3356 φίλης
1299 3272 1427 3337 ἀπὸ
1473 3271 1789 3355 πατρίδος
1835 3277 1983 3354 αἴης

260 3383 549 3461 ἔσσεται,
596 3376 743 3443 οὐδ’
796 3385 864 3443 εἴ
900 3376 1024 3462 πέρ
1068 3401 1138 3442 τε
1184 3380 1462 3462 σιδήρεα
1509 3373 1776 3461 δέσματ’
1832 3378 2087 3459 ἔχῃσιν·

259 3484 653 3570 φράσσεται,
700 3484 790 3560 ὥς
833 3506 904 3548 κε
950 3482 1204 3568 νέηται,
1252 3482 1392 3550 ἐπεὶ
1435 3484 1899 3566 πολυμήχανός
1934 3480 2130 3545 ἐστιν.
2180 3496 2280 3545 2οὸ
