2646 3932
989 216 1405 268 οΔΤΣΣΕῙΑΣ
1440 217 1504 269 v,
2184 217 2269 281 85

256 359 519 443 [αίθυίῃ
566 352 627 423 δ’
680 356 894 423 ἐικυῖα
936 366 1105 443 ποτῇ
1151 357 1508 424 ἀνεδύσετο
1555 328 1789 443 λίμνης
1797 362 1846 441 ,]

256 454 345 541 ἷζε
391 457 453 528 δ’
505 461 613 529 ἐπὶ
658 464 922 547 σχεδίης
964 462 1389 548 πολυδέσμου
1434 459 1581 530 εἶπέ
1620 487 1691 531 τε
1735 471 1987 549 μῦθον·

254 567 625 655 ,,κάμμορε,
670 571 851 634 τίπτε
898 592 1002 634 τοι
1047 562 1178 634 ὦδε
1224 570 1619 635 Ποσειδάων
1664 569 2037 655 ἐνοσίχθων

254 668 538 739 ὠδύσατ’
590 673 957 758 ἐκπάγλως,
1003 674 1106 740 ὅτι
1147 696 1253 740 τοι
1295 675 1464 740 κακὰ
1508 676 1721 741 πολλὰ
1765 677 2065 760 φυτεύει;
2167 692 2272 742 340

254 780 337 845 οὐ
382 777 505 864 μὲν
550 782 634 866 δή
680 798 754 847 σε
797 783 1200 865 καταφθίσει
1254 782 1429 866 μάλα
1474 803 1598 867 περ
1645 784 2036 866 μενεαίνων·

255 886 420 952 ἀλλὰ
464 882 616 971 μάλ’
672 881 789 953 ὧδ’
839 887 1052 973 ἔρξαι,
1109 884 1362 964 δοκέεις
1408 885 1488 952 δέ
1527 909 1641 970 μοι
1687 886 1810 952 οὐκ
1854 886 2245 953 ἀπινύσσειν

254 992 485 1076 εἵματα
528 987 712 1058 ταῦτ’
763 992 1016 1070 ἀποδὺς
1061 993 1334 1077 σχεδίην
1378 991 1679 1076 ἀνέμοισι
1723 991 2052 1078 φέρεσθαι

253 1093 540 1181 κάλλιπ’,
588 1096 752 1183 ἀτὰρ
795 1100 1085 1182 χείρεσσι
1128 1095 1304 1163 νέων
1349 1096 1645 1180 ἐπιμαίεο
1691 1099 1937 1163 νόστου

253 1206 443 1288 γαίης
493 1206 834 1288 Φαιήκων,
880 1204 997 1270 ὅθι
1039 1227 1145 1269 τοι
1188 1199 1369 1290 μοῖρ’
1419 1201 1601 1269 ἐστὶν
1646 1202 1897 1283 ἀλύξαι.
2169 1222 2272 1271 345

252 1317 332 1393 τῆ
380 1308 485 1393 δέ,
530 1311 683 1376 τόδε
727 1312 1103 1395 κρήδεμνον
1146 1308 1278 1375 ὑπὸ
1327 1308 1630 1396 στέρνοιο
1675 1311 1999 1376 τανύσσαι
2084 1301 2090 1306 ’

256 1416 615 1500 ἄμβροτον·
661 1414 826 1482 οὐδέ
864 1418 936 1480 τί
971 1438 1077 1481 τοι
1120 1414 1401 1482 παθέειν
1448 1415 1597 1493 δέος
1643 1411 1792 1482 οὐδ’
1844 1415 2230 1483 ἀπολέσθαι.

255 1521 464 1607 αὐτὰρ
511 1521 675 1605 ἐπὴν
718 1526 1049 1608 χείρεσσιν
1095 1521 1382 1608 ἐφάψεαι
1426 1524 1759 1610 ἠπείροιο,

255 1625 349 1705 ἂψ
396 1625 897 1712 ἀπολυσάμενος
940 1626 1204 1712 βαλέειν
1249 1631 1346 1707 εἰς
1390 1636 1630 1696 οἴνοπα
1672 1632 1922 1695 πόντον

254 1735 503 1798 πολλὸν
539 1727 649 1799 ἀπ’
681 1732 980 1819 ἠπείρου,
1018 1734 1218 1811 αὐτὸς
1246 1729 1308 1799 δ’
1344 1733 1680 1819 ἀπονόσφι
1704 1732 2142 1818 τραπέσθαι.“
2169 1750 2274 1804 350

343 1834 432 1917 ὥς
476 1841 605 1926 ἄρα
648 1844 1014 1925 φωνήσασα
1056 1841 1187 1906 θεὰ
1232 1842 1609 1928 κρήδεμνον
1654 1842 1929 1924 ἔδωκεν,

256 1947 419 2031 αὐτὴ
468 1941 529 2012 δ’
582 1944 675 2024 ἂψ
721 1945 787 2024 ἐς
829 1949 1079 2013 πόντον
1125 1945 1398 2012 ἐδύσετο
1442 1948 1851 2032 κυμαίνοντα

256 2055 490 2137 αἰθυίῃ
537 2052 777 2118 ἐικυῖα·
850 2050 1057 2136 μέλαν
1104 2050 1182 2117 δέ
1222 2050 1256 2117 ἐ
1298 2061 1475 2137 κῦμα
1520 2054 1832 2130 κάλυψεν.

257 2157 464 2242 αὐτὰρ
511 2156 548 2223 ὁ
594 2158 944 2243 μερμήριξε
988 2158 1318 2234 πολύτλας
1365 2160 1510 2235 δῖος
1550 2152 1930 2241 Ὀδυσσεύς,

257 2264 551 2347 ὀχθήσας
597 2258 659 2329 δ’
710 2265 839 2349 ἄρα
884 2258 1023 2329 εἷπε
1070 2265 1235 2349 πρὸς
1277 2263 1361 2329 ὃν
1405 2266 1818 2350 μεγαλήτορα
1862 2266 2116 2348 θυμόν·
2171 2280 2276 2330 355

258 2371 354 2452 „1’1'2
400 2392 513 2453 μοι
558 2369 716 2453 ἐγώ,
769 2372 859 2454 μή
901 2373 1002 2446 τίς
1046 2392 1160 2454 μοι
1202 2369 1572 2456 ὑφαίνῃσιν
1617 2371 1820 2436 δόλον
1864 2365 2021 2435 αὖτε

258 2475 643 2558 ἀθανάτων,
691 2475 798 2541 ὅτε
842 2499 923 2560 με
969 2477 1233 2560 σχεδίης
1278 2475 1609 2558 ἀποβῆναι
1654 2474 1913 2559 ἀνώγει.

257 2582 425 2647 ἀλλὰ
470 2575 622 2666 μάλ’
672 2581 754 2646 οὔ
799 2602 900 2646 πω
945 2575 1235 2665 πείσομ’,
1282 2579 1423 2646 ἐπεὶ
1469 2578 1619 2658 ἑκὰς
1663 2580 2119 2665 ὀφθαλμοῖσιν

256 2698 455 2771 γαῖαν
500 2687 672 2770 ἐγὼν
719 2687 987 2771 ἰδόμην,
1035 2686 1152 2752 ὅθι
1196 2709 1310 2771 μοι
1356 2686 1529 2770 φάτο
1576 2686 1885 2771 φύξιμον.
1910 2681 2099 2751 εἶναι.

258 2795 424 2860 ἀλλὰ
468 2788 619 2878 μάλ’
672 2789 790 2859 ὧδ’
842 2790 1029 2879 ἔρξω,
1078 2790 1293 2857 δοκέει
1340 2790 1420 2858 δέ
1457 2814 1574 2876 μοι
1618 2787 1791 2857 εἶναι
1836 2792 2135 2876 ἄριστον·
2172 2808 2278 2858 330

258 2895 413 2987 ὄφρ’
466 2900 550 2966 ἂν
594 2899 717 2986 μέν
760 2923 878 2966 κεν
926 2896 1197 2985 δούρατ’
1251 2898 1328 2964 ἐν
1371 2897 1767 2985 ἁρμονίῃσιν
1812 2897 2054 2983 ἀρήρῃ,

258 3001 451 3092 τόφρ’
503 3006 710 3072 αὐτοῦ
755 3005 964 3091 μενέω
1010 3004 1121 3071 καὶ
1165 3007 1489 3090 τλήσομαι
1536 3006 1739 3088 ἄλγεα
1782 3004 2082 3087 πάσχων*

259 3113 466 3195 αὐτὰρ
512 3112 677 3196 ἐπὴν
722 3113 806 3196 δή
851 3135 965 3196 μοι
1010 3113 1281 3196 σχεδίην
1326 3111 1440 3176 διὰ
1481 3120 1658 3202 κῦμα
1700 3107 1958 3193 τινάξῃ,

258 3212 516 3302 νήξομ’,
562 3217 703 3284 ἐπεὶ
748 3218 830 3283 οὐ
875 3216 997 3302 μέν
1040 3241 1105 3283 τι
1149 3218 1328 3303 πάρα
1371 3224 1741 3303 προνοῆσαι
1787 3214 2125 3299 ἄμεινον.“

349 3315 484 3401 εἷος
510 3325 546 3390 ὁ
574 3318 772 3389 ταῦθ’
805 3324 1095 3408 ὥρμαινε
1122 3324 1287 3387 κατὰ
1315 3320 1532 3407 φρένα
1558 3320 1670 3386 καὶ
1696 3322 1861 3386 κατὰ
1877 3320 2127 3403 θυμόν,
2173 3336 2277 3385 366

261 3427 431 3518 ὦρσε
478 3424 541 3496 δ’
592 3426 698 3495 ἐπὶ
743 3426 908 3511 μέγα
950 3436 1125 3512 κῦμα
1172 3428 1568 3493 Ποσειδάων
1615 3426 2019 3511 ἐνοσίχθων,

260 3539 486 3604 δεινόν
529 3529 591 3600 τ’
643 3532 971 3617 ἀργαλέον
1012 3555 1114 3616 τε,
1160 3530 1555 3618 κατηρεφές,
1602 3532 1805 3615 ἤλασε
1852 3526 1913 3597 δ’
1965 3530 2187 3596 αὐτόν.
