2646 3932
368 157 455 221 50
1122 158 1536 210 οΔΤΣΣΕῙΑΣ
1572 160 1634 213 Δ.

377 302 522 380 ζώει
567 300 605 366 ὅ
648 298 712 384 γ’
762 293 806 384 ἦ
851 298 1192 383 τέθνηκεν.
1268 299 1636 385 ὀδύρονταί
1673 301 1760 366 νύ
1803 323 1938 366 που
1985 301 2191 366 αὐτὸν
2292 316 2396 364 110

369 404 672 489 Λαέρτης
714 402 789 471 θ’
842 404 879 471 ὁ
923 404 1142 491 γέρων
1184 404 1296 472 καὶ
1344 403 1642 490 ἐχέφρων
1690 408 2107 490 Πηνελόπεια

377 510 753 596 Τηλέμαχός
795 508 899 592 θ’,
944 509 1025 575 ὃν
1070 514 1284 576 ἔλειπε
1330 510 1487 577 νέον
1531 509 1807 595 γεγαῶτ’
1860 508 1961 577 ἐνὶ
2006 512 2233 599 οἴκφ.“

460 612 549 694 ὥς
586 617 782 702 φάτο,
818 624 909 704 τῷ
949 613 1010 682 δ’
1054 617 1181 702 ἄρα
1216 618 1464 702 πατρὸς
1499 615 1618 702 ὑφ’
1663 618 1895 703 ἵμερον
1933 613 2104 702 ὦρσε
2140 619 2346 699 γόοιο.

372 724 584 807 δάκρυ
630 720 691 787 δ’
735 721 862 786 ἀπὸ
900 723 1256 806 βλεφάρων
1291 723 1571 806 χαμάδις
1606 724 1765 806 βάλε
1801 725 2047 808 πατρὸς
2084 721 2396 805 ἀκούσας,

371 834 649 913 χλαῖναν
693 826 1083 913 πορφυρέην
1128 825 1272 893 ἄντ’
1327 827 1739 913 ὀφθαλμοῖιν
1784 828 2094 913 ἀνασχὼν
2294 843 2396 891 115

370 932 824 1020 ἀμφοτέρῃσιν
868 935 1069 1019 χερσί.
1143 936 1344 1017 νόησε
1393 933 1471 1001 δέ
1511 959 1627 1020 μιν
1671 933 2047 1015 Μενέλαος,

372 1040 726 1126 μερμήριξε
772 1036 835 1103 δ’
888 1041 1109 1105 ἔπειτα
1154 1041 1316 1105 κατὰ
1364 1038 1578 1126 φρένα
1622 1038 1733 1105 καὶ
1779 1042 1942 1106 κατὰ
1985 1041 2243 1124 θυμόν,

372 1144 455 1229 ἠέ
494 1170 611 1231 μιν
655 1146 861 1211 αὐτὸν
903 1147 1149 1229 πατρὸς
1194 1145 1405 1211 ἐάσειε
1450 1153 1834 1231 μνησθῆναι

372 1247 414 1334 ἦ
460 1249 663 1337 πρῶτ’
716 1248 1034 1335 ἐξερέοιτο
1082 1250 1320 1317 ἕκαστά
1365 1275 1435 1317 τε
1473 1255 1882 1337 πειρήσαιτο.

462 1349 597 1434 εἷος
633 1356 669 1422 ὁ
704 1354 902 1421 ταῦθ’
938 1357 1226 1441 ὥρμαινε
1254 1357 1420 1422 κατὰ
1446 1355 1660 1443 φρένα
1687 1355 1797 1423 καὶ
1823 1359 1987 1423 κατὰ
2013 1360 2261 1440 θυμόν,
2293 1373 2397 1422 120

374 1462 446 1529 ἐκ
493 1460 554 1529 δ’
598 1460 827 1546 Ἑλένη
873 1463 1206 1548 θαλάμοιο
1250 1464 1557 1540 θυώδεος
1599 1463 1977 1549 ὑψορόφοιο

374 1570 630 1651 ἤλυθεν
670 1566 996 1653 Ἀρτέμιδι
1033 1569 1508 1658 χρυσηλακάτῳ
1555 1568 1784 1634 ἐικυῖα.

373 1683 454 1760 τῇ
501 1671 563 1739 δ’
615 1671 720 1759 ἄρ’
773 1671 882 1758 ἅμ’
930 1671 1250 1759 Ἀδρήστη
1296 1677 1560 1758 κλισίην
1605 1675 1924 1741 εὔτυκτον
1969 1678 2241 1759 ἔθηκεν,

369 1777 684 1862 Ἀλκίππη
733 1776 806 1845 δὲ
850 1779 1104 1863 τάπητα
1149 1778 1356 1865 φέρεν
1400 1785 1699 1864 μαλακοῦ
1745 1780 1984 1866 ἐρίοιο,

383 1886 582 1950 Φυλὼ
631 1882 693 1950 δ’
745 1885 1076 1973 ἀργύρεον
1121 1886 1410 1973 τάλαρον
1457 1884 1649 1973 φέρε,
1694 1889 1814 1952 τόν
1861 1886 1933 1952 οἰ
1973 1888 2220 1952 ἔδωκεν
2298 1903 2396 1952 125

371 1990 768 2077 Ἀλκάνδρη,
818 1993 1158 2076 Πολύβοιο
1206 1994 1454 2078 δάμαρ,
1504 1992 1577 2070 ὃς
1622 1991 1787 2059 ἔναι’
1841 1991 1941 2059 ἐνὶ
1989 1996 2211 2078 Θήβῃς

377 2100 782 2183 Αἰγυπτίῃς,
828 2098 944 2163 ὅθι
989 2103 1261 2164 πλεῖστα
1306 2099 1538 2183 δόμοις
1584 2098 1657 2164 ἐν
1701 2101 1992 2183 κτήματα
2038 2110 2273 2165 κεῖται·

379 2203 451 2281 ὃς
495 2204 818 2292 Μενελάῳ
869 2206 1038 2269 δῶκε
1086 2201 1191 2270 δύ’
1246 2202 1570 2289 ἀργυρέας
1618 2204 2060 2290 ἀσαμίνθους,

380 2312 610 2387 δοιοὺς
655 2307 729 2375 δὲ
774 2311 1120 2393 τρίποδας,
1169 2307 1327 2374 δέκα
1373 2305 1446 2375 δὲ
1491 2321 1768 2394 χρυσοῖο
1814 2312 2117 2377 τάλαντα.

378 2413 580 2502 χωρὶς
626 2413 688 2481 δ’
741 2411 900 2481 αὖθ’
945 2413 1175 2501 Ἑλένῃ
1221 2416 1460 2500 ἄλοχος
1503 2418 1665 2499 πόρε
1710 2417 1993 2501 κάλλιμα
2040 2419 2249 2499 δῶρα·
2301 2433 2399 2482 130

379 2519 669 2607 χρυσέην
714 2519 770 2585 τ’
822 2521 1158 2605 ἠλακάτην
1211 2521 1500 2606 τάλαρόν
1551 2518 1624 2586 θ’
1685 2521 2063 2588 ὑπόκυκλον
2110 2524 2401 2588 ὄπασσεν

380 2628 741 2714 ἀργύρεον,
786 2636 1010 2714 χρυσῷ
1059 2625 1121 2693 δ’
1174 2625 1283 2692 ἐπὶ
1326 2629 1543 2710 χείλεα
1586 2629 1965 2709 κεκράαντο.

378 2736 498 2800 τόν
543 2734 629 2818 ῥά
675 2733 747 2799 οἱ
785 2732 1158 2818 ἀμφίπολος
1209 2733 1408 2797 Φυλὼ
1456 2732 1792 2817 παρέθηκε
1838 2733 2137 2818 φέρουσα

381 2843 670 2924 νήματος
717 2839 1025 2922 ἀσκητοῖο
1070 2837 1511 2923 βεβυσμένον·
1557 2838 1766 2924 αὐτὰρ
1814 2837 1913 2904 ἐπ’
1967 2839 2143 2927 αὐτῷ

383 2947 671 3030 ἠλακάτη
719 2946 1076 3011 τετάνυστο
1125 2940 1431 3029 ἰοδνεφὲς
1476 2940 1653 3026 εἶρος
1698 2947 1956 3029 ἔχουσα.
2301 2962 2399 3011 135

381 3052 557 3132 ἕζετο
604 3049 665 3117 δ’
718 3050 792 3117 ἐν
836 3056 1119 3139 κλισμῷ,
1164 3049 1295 3116 ὑπὸ
1345 3046 1417 3116 δὲ
1460 3055 1721 3135 θρῆνυς
1765 3048 1965 3116 ποσὶν
2009 3046 2144 3133 ἦεν.

384 3158 619 3224 αὐτίκα
667 3154 728 3223 δ’
780 3157 821 3240 ἥ
868 3155 930 3240 γ’
985 3155 1241 3222 ἐπέεσσι
1287 3158 1488 3221 πόσιν
1533 3154 1819 3240 ἐρέεινεν
1864 3154 2128 3221 ἕκαστα·

385 3264 624 3349 ,,ἴδμεν
670 3264 783 3347 δή,
829 3261 1132 3329 Μενέλαε
1180 3259 1555 3348 διοτρεφές,
1603 3262 1675 3326 οἵ
1713 3285 1887 3338 τινες
1933 3262 2074 3327 οἵδε

385 3369 654 3455 ἀνδρῶν
701 3367 1130 3453 εὐχετόωνται
1178 3366 1485 3452 ἱκανέμεν
1528 3365 1849 3452 ἡμέτερον
1896 3368 2019 3443 δὼς

385 3476 715 3559 ψεύσομαι
757 3467 800 3557 ἦ
844 3476 1089 3558 ἔτυμον
1136 3471 1325 3559 ἐρέως
1374 3471 1629 3537 κέλεται
1676 3470 1755 3537 δέ
1795 3496 1874 3556 με
1919 3475 2154 3557 θυμός.
2304 3487 2403 3538 140
