2646 3932
1048 207 1466 258 ΟΔΤΣΣΕῙΔΣ
1502 207 1546 259 Ι.
2263 202 2306 266 5

379 348 496 432 τὴν
548 345 622 414 δὲ
667 352 838 414 πολὺ
884 360 1141 433 πρῶτος
1187 350 1290 414 ἴδε
1346 347 1720 433 Τηλέμαχος
1764 349 2101 430 θεοειδής·

289 449 454 537 ἧστο
500 455 628 539 γὰρ
675 454 750 519 έν
795 464 1163 539 μνηστῆρσι
1208 457 1413 539 φίλον
1456 453 1834 539 τετιημένος
1875 449 2070 538 ἦτορ,

290 560 651 645 ὀσσόμενος
677 559 904 646 πατέρ’
940 560 1188 626 έσθλὸν
1218 558 1317 626 ἑνὶ
1346 564 1616 647 φρεσίν,
1646 567 1713 626 εἴ
1722 566 1938 626 ποθεν
1958 559 2178 625 ἐλθὼν
2212 575 2311 624 115

289 669 685 752 μνηστήρων
728 679 863 732 τῶν
908 665 1031 752 μὲν
1076 666 1392 732 σκέδασιν
1435 667 1599 732 κατὰ
1645 667 1914 751 δώματα
1956 669 2143 749 θείη,

288 774 485 857 τιμὴν
530 770 591 839 δ’
645 772 842 850 αὐτὸς
886 775 1024 856 ἔχοι
1068 770 1179 838 καὶ
1224 773 1525 856 δώμασιν
1571 763 1747 838 οἶσιν
1793 770 2089 837 ἀνάσσοι.

288 881 368 945 τὰ
415 878 726 966 φρονέων
771 888 1139 964 μνηστῆρσι
1185 882 1560 963 μεθήμενος
1605 875 1797 943 εἴσιδ’
1844 875 2167 961 Ἀθήνην,

289 988 373 1068 βῆ
421 982 483 1050 δ’
540 987 696 1062 ὐθὺς
740 987 1149 1071 προθύροιο,
1195 988 1577 1069 νεμεσσήθη
1624 982 1686 1049 δ’
1739 982 1839 1050 ἐνὶ
1883 990 2081 1073 θυμῷ

290 1092 508 1201 ξεῖνον
554 1092 735 1175 δηθὰ
779 1091 1073 1176 θύρῃσιν
1120 1088 1514 1174 ἐφεστάμεν·
1561 1088 1799 1173 ἐγγύθι
1845 1085 1919 1154 δὲ
1965 1089 2121 1164 στὰς
2208 1103 2310 1151 120

287 1195 450 1282 χεῖρ’
503 1196 608 1263 ἕλε
655 1195 994 1282 δεξιτερὴν
1038 1194 1149 1262 καὶ
1194 1194 1459 1274 ἐδέξατο
1504 1197 1785 1280 χάλκεον
1830 1197 2047 1279 ἔγχος,

287 1305 404 1368 καί
441 1326 558 1388 μιν
603 1304 918 1387 φωνήσας
962 1304 1120 1366 ἔπεα
1164 1304 1521 1386 πτερόεντα
1564 1300 1939 1386 προσηύδα·

288 1420 546 1496 ,,χατρε,
595 1409 795 1491 ξεῖνε,
841 1405 996 1492 παρ’
1050 1408 1213 1491 ἄμμι
1260 1410 1598 1491 φιλήσεαι·
1644 1406 1852 1493 αὐτὰρ
1900 1408 2120 1472 ἔπειτα

288 1517 564 1581 δείπνου
609 1514 1029 1598 πασσάμενος
1073 1515 1439 1597 μυθήσεαι,
1486 1512 1669 1577 ὅττεό
1716 1529 1790 1577 σε
1834 1513 2024 1598 χρή.“

377 1616 465 1699 ὧς
512 1622 716 1686 εἰπὼν
760 1617 1012 1704 ἡγεῖθ’,
1058 1618 1099 1702 ἡ
1149 1616 1210 1684 δ’
1264 1618 1496 1684 ἕσπετο
1545 1619 1816 1695 Παλλὰς
1854 1616 2122 1701 Ἀθήνη.
2205 1630 2306 1682 125

288 1728 359 1794 οἱ
399 1725 461 1793 δ’
515 1727 622 1792 ὅτε
669 1728 753 1810 δή
800 1724 861 1811 ῥ’
915 1727 1237 1791 ἔντοσθεν
1283 1728 1444 1792 ἔσαν
1490 1726 1703 1809 δόμου
1746 1724 2066 1809 ὑψηλοῖο,

286 1836 475 1917 ἔγχος
521 1831 644 1917 μέν
689 1831 751 1918 ῤ’
804 1834 1034 1916 ἔστησε
1083 1830 1309 1916 φέρων
1354 1834 1519 1917 πρὸς
1562 1834 1755 1897 κίονα
1800 1831 2059 1917 μακρὴν

288 1940 698 2026 δουροδόκης
743 1941 1063 2004 ἔντοσθεν
1111 1936 1378 2021 ἐυξόου,
1426 1941 1596 2003 ἔνθα
1640 1960 1762 2024 περ
1809 1939 1976 2004 ἄλλα

286 2043 455 2130 ἔγχε’
501 2043 861 2128 Ὀδυσσῆος
906 2047 1395 2128 ταλασίφρονος
1441 2046 1664 2111 ἵστατο
1711 2045 1952 2129 πολλά,

286 2151 495 2234 αὐτὴν
524 2149 586 2215 δ’
622 2150 689 2227 ές
714 2153 974 2235 θρόνον
1002 2142 1179 2216 εἷσεν
1209 2151 1420 2233 ἄγων,
1457 2149 1587 2216 ὑπὸ
1617 2154 1762 2215 λῖτα
1789 2152 2136 2234 πετάσσας,
2205 2166 2307 2215 130

286 2258 490 2322 καλὸν
537 2258 919 2323 δαιδάλεον·
964 2256 1095 2322 ὑπὸ
1143 2252 1217 2321 δὲ
1261 2261 1524 2340 θρῆνυς
1568 2255 1770 2322 ποσὶν
1814 2251 1949 2339 ἦεν.

285 2363 424 2447 πὰρ
470 2359 532 2426 δ’
588 2363 786 2440 αὐτὸς
828 2364 1109 2447 κλισμὸν
1152 2361 1314 2428 θέτο
1361 2365 1667 2427 ποικίλον
1712 2365 1989 2429 ἔκτοθεν
2034 2363 2253 2429 ἄλλων

287 2472 712 2553 μνηστήρων,
760 2468 848 2552 μὴ
898 2466 1109 2546 ξεῖνος
1156 2466 1461 2551 ἀνιηθεὶς
1507 2469 1863 2556 ὀρυμαγδῷ

287 2576 532 2663 δείπνῳ
582 2574 920 2658 ἁδήσειεν,
966 2574 1439 2658 ὑπερφιάλοισι
1483 2575 1854 2659 μετελθών,

287 2678 392 2764 ἠδ’
446 2681 557 2746 ἵνα
603 2704 718 2764 μιν
762 2679 913 2766 περὶ
957 2682 1204 2766 πατρὸς
1250 2679 1713 2765 ἀποιχομένοιο
1760 2682 1994 2766 ἔροιτο.
2205 2696 2304 2745 135

285 2785 558 2871 χέρνιβα
605 2785 666 2853 δ’
720 2786 1094 2871 ἀμφίπολος
1137 2789 1401 2876 προχόφ
1451 2785 1712 2870 ἐπέχευε
1758 2784 2059 2871 φέρουσα

287 2898 454 2979 καλῇ
500 2896 772 2979 χρυσείῃ
818 2888 984 2978 ὑπὲρ
1032 2891 1387 2979 ἀργυρέοιο
1434 2891 1734 2976 λέβητος,

285 3002 640 3077 νίψασθαι·
686 2999 862 3084 παρὰ
910 2994 984 3064 δὲ
1031 2998 1263 3082 ξεστὴν
1308 2998 1628 3064 ἐτάνυσσε
1673 2998 2011 3084 τράπεζαν.

287 3115 475 3170 σῖτον
521 3102 583 3169 δ’
637 3106 858 3189 αἰδοίη
904 3108 1099 3189 ταμίη
1146 3103 1483 3189 παρέθηκε
1529 3101 1859 3189 φέρουσα,

289 3211 545 3293 [εἴδατα
588 3210 776 3277 πόλλ’
831 3211 1136 3278 ἐπιθεῖσα
1179 3207 1570 3295 χαριζομένη
1615 3212 2053 3296 παρεόντων-1
2203 3228 2303 3278 140

289 3317 554 3401 δαιτρὸς
601 3312 675 3382 δὲ
717 3328 958 3401 κρειῶν
1001 3319 1279 3393 πίνακας
1323 3314 1702 3402 παρέθηκεν
1747 3315 1971 3400 ἀείρας

287 3423 653 3503 παντοίων,
698 3422 877 3505 παρα
923 3420 1003 3486 δέ
1042 3439 1165 3505 σφι
1209 3424 1386 3486 τίθει
1431 3422 1704 3507 χρύσεια
1746 3423 2065 3489 κύπελλα·

286 3524 493 3612 κῆρυξ
539 3523 600 3592 δ’
654 3527 955 3592 αὐτοῖσιν
998 3524 1162 3611 θάμ’
1216 3525 1501 3616 ἐπῴχετο
1548 3525 1966 3610 οἰνοχοεύων.
