2646 3932
979 209 1395 262 ΟΔΤΣΣΕΙΑΣ
1431 211 1522 261 IV.
2176 207 2261 271 63

239 352 312 418 έν
356 350 556 436 νηυσὶ
602 358 1007 438 γλαφυρῇσι·
1055 353 1270 418 σάωσε
1317 348 1391 417 δὲ
1436 354 1674 417 πότνια
1705 349 1898 437 “Ηρη.

239 456 382 523 ἀλλ’
436 458 542 523 ὅτε
589 460 671 541 δὴ
716 455 858 542 τάχ’
911 461 1137 542 ἔμελλε
1181 458 1546 523 Μαλειάων
1592 460 1747 544 ὄρος
1792 461 1955 523 αἰπὺ

238 564 530 647 ἵξεσθαι,
576 567 720 629 τότε
764 566 850 647 δή
897 588 1013 648 μιν
1058 564 1486 649 ἀναρπάξασα
1530 564 1785 629 θύελλα
2152 580 2259 630 515

239 672 487 736 πόντον
532 669 631 735 ἐπ’
688 673 1046 755 ἰχθυόεντα
1091 669 1296 754 φέρεν
1342 668 1547 755 βαρέα
1595 670 2024 753 στενάχοντα,

240 775 450 862 ἀγροῦ
496 773 595 841 ἐπ’
649 776 954 861 ἐσχατιήν
965 825 984 859 ,
1031 777 1147 841 ὅθι
1194 777 1463 860 δώματα
1506 786 1653 840 ναῖε
1703 775 1997 859 Θυέστης

240 883 313 947 τὸ
359 885 548 965 πρίν,
594 882 757 968 ἀτὰρ
803 880 936 947 τότ’
990 884 1164 946 ἔναιε
1215 882 1625 964 Θυεστιάδης
1669 886 2015 964 Αἴγισθος.

240 985 382 1052 ἀλλ’
435 987 540 1051 ὅτε
589 988 671 1071 δὴ
716 986 828 1053 καὶ
872 994 1101 1052 κεῦθεν
1147 987 1455 1070 ἐφαίνετο
1499 988 1737 1063 νόστος
1782 986 2091 1071 ἀπήμων,

241 1092 333 1171 ἂψ
380 1089 453 1158 δὲ
497 1091 650 1158 θεοὶ
695 1088 903 1178 οὖρον
948 1092 1268 1178 στρέψαν,
1315 1089 1425 1157 καὶ
1463 1090 1676 1158 οἴκαδ’
1730 1093 1986 1175 ἵκοντο,
2157 1108 2261 1157 520

240 1193 279 1282 ἦ
327 1222 430 1263 τοι
477 1198 513 1264 ὁ
558 1195 680 1282 μὲν
723 1203 973 1284 χαίρων
1018 1198 1370 1281 ἐπεβήσετο
1416 1198 1731 1283 πατρίδος
1777 1204 1926 1281 αἴης

240 1302 350 1369 καὶ
393 1305 579 1369 κύνει
625 1303 987 1388 ἁπτόμενος
1031 1303 1117 1386 ἣν
1160 1305 1471 1388 πατρίδα·
1517 1305 1729 1368 πολλὰ
1777 1301 1838 1368 δ’
1892 1301 2003 1368 ἀπ’
2048 1303 2261 1368 αὐτοῦ

243 1411 496 1496 δάκρυα
539 1411 758 1496 θερμὰ
801 1407 1042 1494 χέοντ’,
1089 1406 1228 1474 ἐπεὶ
1274 1408 1610 1485 ἀσπασίως
1656 1410 1756 1474 ἰδε
1801 1420 2017 1491 γαῖαν.

239 1518 357 1583 τὸν
403 1514 465 1582 δ’
517 1515 621 1603 ἄρ’
658 1517 802 1592 ,ἀπὸ
848 1525 1123 1599 σκοπιῆς
1166 1510 1302 1580 εἶδε
1349 1517 1621 1596 σκοπός,
1668 1514 1748 1579 ὄν
1794 1515 1878 1600 ῥα
1917 1522 2232 1581 καθεῖσεν

242 1627 571 1707 Αἴγισθος
616 1623 964 1706 δολόμητις
1009 1623 1220 1705 ἄγων,
1265 1620 1396 1686 ὑπὸ
1446 1618 1507 1684 δ’
1560 1623 1782 1704 ἔσχετο
1829 1623 2079 1705 μισθὸν
2157 1638 2259 1686 525

241 1737 492 1814 χρυσοῦ
539 1729 690 1792 δοιὰ
732 1729 1046 1793 τάλαντα·
1093 1728 1391 1812 φύλασσε
1440 1723 1502 1791 δ’
1556 1727 1593 1791 ὅ
1637 1725 1701 1810 γ’
1756 1729 1849 1804 εἰς
1895 1726 2202 1793 ἐνιαυτόν
2213 1776 2232 1810 ,

242 1836 330 1918 μή
370 1832 404 1899 ἑ
446 1836 646 1899 λάθοι
691 1834 979 1920 παριών,
1026 1836 1347 1918 μνήσαιτο
1394 1829 1467 1898 δὲ
1512 1833 1837 1918 θούριδος
1882 1833 2098 1916 ἀλκῆς.

242 1942 325 2023 βῆ
374 1937 435 2004 δ’
490 1946 635 2025 ἴμεν
681 1938 1009 2023 ἀγγελέων
1054 1941 1219 2026 πρὸς
1265 1939 1534 2024 δώματα
1578 1938 1844 2024 ποιμένι
1888 1944 2084 2005 λαῶν.

243 2045 476 2110 αὐτίκα
523 2043 585 2110 δ’
636 2052 966 2127 Αἴγισθος
1013 2048 1246 2130 δολίην
1292 2045 1669 2130 ἐφράσσατο
1714 2045 1980 2130 τέχνην·

243 2152 634 2237 κρινάμενος
678 2152 840 2215 κατὰ
887 2153 1101 2235 δῆμον
1147 2151 1387 2217 ἐείκοσι
1433 2163 1658 2236 φῶτας
1704 2151 2015 2237 ἀρίστους
2156 2169 2260 2218 530

244 2248 377 2321 εἷσε
424 2260 653 2340 λόχον,
701 2254 975 2342 ἑτέρωθι
1021 2254 1082 2321 δ’
1137 2257 1379 2340 ἀνώγει
1426 2258 1618 2323 δαῖτα
1663 2256 2002 2323 πένεσθαι.

243 2362 451 2447 αὐτὰρ
498 2362 534 2428 ὁ
578 2366 663 2446 βῆ
710 2361 962 2428 καλέων
1001 2361 1453 2447 Ἀγαμέμνονα
1498 2362 1778 2447 ποιμένα
1825 2368 2005 2429 λαῶν

243 2469 544 2534 ἵπποισιν
588 2467 697 2534 καὶ
743 2470 1049 2553 ὄχεσφιν,
1097 2467 1315 2534 ἀεικέα
1361 2472 1788 2555 μερμηρίζων.

242 2576 360 2641 τὸν
407 2573 468 2639 δ’
522 2576 644 2640 οὐκ
690 2572 888 2640 εἰδότ’
941 2576 1228 2659 ὄλεθρον
1273 2575 1562 2658 ἀνήγαγε
1607 2573 1718 2641 καὶ
1762 2575 2169 2662 κατέπεφνεν

245 2682 654 2763 δειπνίσσας,
701 2682 790 2758 ὥς
833 2684 931 2759 τίς
973 2704 1044 2746 τε
1088 2680 1438 2747 κατέκτανε
1484 2685 1653 2765 βοῦν
1700 2681 1805 2748 ἐπὶ
1850 2684 2087 2769 φάτνῃ.
2157 2702 2259 2750 535

245 2787 408 2854 οὐδέ
448 2811 547 2864 τις
584 2785 923 2873 Ἀτρεΐδεω
970 2786 1222 2873 ε”τάρων
1267 2786 1517 2871 λίπεθ’,
1566 2789 1636 2852 οἵ
1676 2789 1748 2854 οί
1787 2788 2055 2872 ἕποντο,

245 2892 409 2959 οὐδέ
447 2916 547 2970 τις
591 2895 965 2976 Αἰγίσθου,
1013 2890 1156 2958 ἀλλ’
1208 2895 1490 2959 ἔκταθεν
1537 2893 1610 2959 ἐν
1655 2894 2083 2980 μεγάροισινέ

333 2994 422 3076 ὦς
467 2997 680 3083 ἔφατ’,
728 3000 934 3084 αὐτὰρ
983 2998 1136 3082 ἐμοί
1172 3021 1248 3081 γε
1293 3000 1709 3083 κατεκλάσθη
1757 3002 1959 3084 φίλον
2004 2994 2196 3087 ἦτορ,

243 3111 475 3172 κλαῖον
522 3103 582 3170 δ’
635 3104 707 3171 ἐν
751 3106 1124 3190 ψαμάθοισι
1168 3108 1573 3189 καθήμενος,
1620 3104 1785 3170 οὐδέ
1823 3106 1910 3170 νύ
1955 3130 2068 3191 μοι
2108 3117 2232 3194 κῆρ

243 3210 431 3295 ἤθελ’
483 3214 578 3276 ἔτι
625 3212 810 3290 ζώειν
852 3208 963 3276 καὶ
1009 3209 1174 3296 ὁρᾶν
1218 3212 1391 3295 φάος
1435 3211 1700 3295 ἠελίοιο.
2155 3229 2259 3279 540

243 3319 451 3404 αὐτὰρ
497 3315 636 3383 ἐπεὶ
678 3321 927 3383 κλαίων
970 3341 1038 3382 τε
1084 3318 1556 3401 κυλινδόμενός
1599 3340 1669 3382 τε
1714 3317 2080 3404 κορέσθην,

245 3426 328 3509 δὴ
372 3426 518 3489 τότε
563 3446 641 3507 με
686 3423 1030 3509 προσέειπε
1073 3422 1290 3509 γέρων
1336 3423 1519 3499 ἅλιος
1563 3427 1914 3508 νημερτής·

244 3529 521 3615 6μηκέτι,
561 3528 995 3616 Ἀτρέοςυὶέ,
1040 3532 1254 3595 πολὺν
1288 3531 1537 3615 χρόνον
1582 3526 1848 3604 ἀσκελὲς
1895 3529 2105 3605 οὕτως
