2646 3932
370 212 455 276 86
1124 216 1540 268 ΟΔΤΣΣΕῙΑΣ
1576 218 1637 269 Ε.

370 356 459 432 ὡς
505 353 566 421 δ’
619 357 858 442 ἄνεμος
904 359 1056 442 ζαὴς
1101 358 1267 442 ἠίων
1309 364 1594 443 θημῶνα
1637 358 1866 444 τινάξῃ

369 459 788 544 καρφαλέων·
861 463 941 527 τὰ
985 458 1107 547 μὲν
1152 464 1235 548 ἄρ
1258 485 1352 527 τε
1398 459 1768 528 διεσκέδασ’
1820 465 2094 542 ἄλλυδις
2139 467 2333 551 ἄλλῃ·

372 561 461 644 ὧς
495 575 617 650 τῆς
646 568 938 654 δούρατα
966 570 1180 654 μακρᾶ
1210 564 1602 635 διεσκέδασ’.
1651 569 1859 655 αὐτὰρ
1883 568 2238 649 Ὀδυσσεὺς
2282 589 2386 638 370

371 666 536 756 ἀμφ’
587 670 687 737 ἑνὶ
733 674 1009 759 δούρατι
1054 677 1273 757 βαῖνε,
1318 673 1550 757 κέληθ’
1603 675 1693 752 ὡς
1737 677 1942 742 ἵππον
1986 676 2314 761 ἐλαύνων,

371 779 616 862 εἵματα·
646 773 709 843 δ’
760 778 1146 866 ἐξαπέδυνε,
1191 779 1273 844 τά
1319 780 1391 845 οί
1430 783 1592 864 πόρε
1640 782 1751 846 δτα
1797 783 2112 859 Καλυψώ.

373 882 605 948 αὐτίκα
652 879 725 949 δὲ
770 886 1144 970 κρήδεμνον
1188 885 1318 950 ὑπὸ
1367 884 1668 972 στέρνοιο
1714 887 2074 971 τάνυσσεν,

372 990 571 1066 αὐτὸς
617 985 690 1055 δὲ
734 990 991 1075 πρηνὴς
1038 989 1147 1055 ἁλὶ
1192 991 1481 1055 κάππεσε
1525 1002 1701 1075 χεῖρε
1747 993 2102 1076 πετάσσας,

370 1093 721 1178 νηχέμεναι
763 1097 1039 1179 μεμαώς.
1107 1096 1207 1162 ι’δε
1254 1093 1329 1162 δὲ
1372 1099 1612 1183 κρείων
1658 1096 2059 1182 ἐνοσίχθων,
2284 1116 2388 1166 375

369 1203 644 1283 κινήσας
690 1198 763 1267 δὲ
808 1201 975 1287 κάρη
1022 1200 1216 1287 προτὶ
1259 1202 1343 1268 ὃν
1387 1206 1736 1287 μυθήσατο
1780 1206 2034 1287 θυμόν·

372 1305 591 1388 »οὕτω
638 1316 766 1371 νῦν
810 1307 976 1371 κακὰ
1020 1307 1236 1372 πολλὰ
1279 1307 1521 1372 παθὼν
1567 1307 1741 1372 ἀλόω
1788 1309 1950 1373 κατὰ
1995 1314 2271 1394 πόντον,

372 1412 473 1488 είς.
510 1410 547 1476 ὅ
590 1436 706 1477 κεν
752 1411 1168 1497 ἀνθρώποισι
1213 1411 1666 1497 διοτρεφέεσσι
1711 1415 1980 1498 μιγείης.

373 1510 514 1580 ἀλλ’
566 1511 712 1581 οὐδ’
764 1511 854 1593 ὧς
899 1532 971 1581 σε
1018 1519 1222 1582 ἔολπα
1266 1516 1670 1582 ὀνόσσεσθαι
1713 1520 2131 1604 κακότητος.“

461 1616 550 1697 ὧς
594 1622 722 1706 ἄρα
767 1624 1084 1705 φωνήσας
1129 1622 1367 1705 ἵμασεν
1408 1625 1826 1707 καλλίτριχας
1870 1624 2139 1708 ἵππους,
2286 1643 2388 1692 380

372 1727 546 1791 ἵκετο
596 1720 657 1790 δ’
710 1729 804 1804 είς
848 1728 1091 1810 Αἰγάς,
1138 1727 1253 1792 ὅθι
1300 1727 1372 1792 oc
1412 1729 1617 1793 κλυτὰ
1664 1723 1911 1814 δώματ’
1962 1733 2165 1797 ἔασιν.

461 1833 668 1918 αὐτὰρ
709 1826 1026 1915 Ἀθηναίη
1072 1832 1282 1917 κούρη
1329 1833 1497 1909 Διὸς
1543 1828 1687 1897 ἄλλ’
1740 1833 2031 1917 ἐνόησεν.

372 1933 413 2022 ἧ
458 1962 561 2004 τοι
605 1950 740 2004 τῶν
785 1941 1005 2005 ἄλλων
1051 1937 1314 2024 ἀνέμων
1358 1938 1673 2025 κατέδησε
1719 1942 2111 2026 κελεύθους,

371 2046 757 2110 παύσασθαι
804 2041 866 2110 δ’
918 2045 1215 2112 ἐκέλευσε
1259 2043 1371 2111 καὶ
1415 2045 1784 2129 εὐνηθῆναι
1831 2047 2147 2125 ἅπαντας·

374 2147 545 2236 ὦρσε
583 2149 644 2216 δ’
688 2150 795 2217 ἐπὶ
830 2152 1153 2236 κραιπνὸν
1189 2149 1468 2235 Βορέην,
1504 2153 1632 2236 πρὸ
1663 2148 1735 2216 δὲ
1763 2147 1994 2236 κύματ’
2039 2154 2245 2236 ἔαξεν,
2284 2170 2389 2219 385

372 2256 496 2334 ἕως
540 2255 577 2321 ὅ
621 2280 697 2339 γε
748 2260 1108 2340 Φαιήκεσσι
1152 2255 1613 2342 φιληρέτμοισι
1657 2260 1874 2341 μιγείη

375 2364 679 2446 διογενὴς
717 2358 1027 2439 Ὀδυσεὺς
1076 2363 1378 2427 θάνατον
1421 2360 1534 2427 καὶ
1574 2371 1780 2447 κῆρας
1826 2362 2083 2442 ἀλύξας.

461 2471 630 2534 ἔνθα
676 2469 813 2533 δύω
859 2470 1102 2545 νύκτας
1147 2469 1272 2533 δύο
1316 2462 1375 2533 τ’
1428 2468 1641 2551 ἤματα
1684 2454 1923 2554 κύματι
1968 2479 2157 2558 πηγῷ

372 2576 675 2657 πλάζετο,
721 2575 935 2638 πολλὰ
980 2572 1061 2639 δέ
1102 2573 1174 2639 οί
1210 2575 1449 2658 κραδίη
1496 2568 1905 2657 προτιόσσετ’
1958 2575 2261 2659 ὄλεθρον.

375 2675 518 2747 ἀλλ’
562 2680 669 2745 ὅτε
708 2681 791 2764 δὴ
828 2682 1055 2766 τρίτον
1090 2674 1264 2765 ἦμαρ
1304 2678 1715 2763 ἐυπλόκαμος
1749 2673 1956 2744 τέλεσ’
1993 2674 2192 2763 Ἠώς,
2284 2697 2389 2747 390

371 2785 483 2853 καὶ
526 2780 660 2852 τότ’
713 2780 911 2851 ἔπειτ’
964 2785 1206 2869 ἄνεμος
1251 2781 1374 2869 μὲν
1419 2784 1779 2867 ἐπαύσατο,
1824 2783 1867 2867 ἡ
1914 2780 1990 2849 δὲ
2034 2788 2286 2868 γαλήνη

374 2896 601 2958 ἔπλετο
647 2895 954 2977 νηνεμίη·
1027 2891 1063 2957 ὁ
1110 2885 1172 2956 δ’
1226 2892 1355 2976 ἄρα
1401 2892 1639 2975 σχεδὸν
1686 2891 1890 2955 εἴσιδε
1935 2901 2133 2972 γαῖαν

375 2997 492 3076 ὀξὺ
538 2998 711 3082 μάλα
755 2997 1082 3082 προϊδών,
1128 2998 1420 3082 μεγάλου
1464 2996 1594 3060 ὑπὸ
1639 2995 1926 3080 κύματος
1971 2994 2219 3081 ἀρθείς.

375 3105 463 3181 ὡς
509 3101 570 3168 δ’
624 3097 719 3167 ὅτ’
772 3101 856 3168 ἂν
901 3102 1223 3180 ἀσπάσιος
1267 3106 1490 3187 βίοτος
1534 3104 1842 3167 παίδεσσι
1887 3107 2114 3188 φανήῃ

371 3211 639 3295 πατρός,
685 3208 758 3286 ὃς
804 3209 877 3274 ἐν
912 3210 1134 3298 νούσῳ
1171 3219 1363 3293 κῆται
1398 3204 1657 3296 κρατέρ’
1701 3211 1902 3293 ἄλγεα
1937 3210 2229 3294 πάσχων,
2286 3225 2391 3274 395

375 3316 584 3399 δηρὸν
628 3315 1015 3399 τηκόμενος,
1065 3315 1381 3400 στυγερὸς
1428 3313 1507 3380 δέ
1548 3313 1620 3380 οἱ
1659 3316 1848 3400 ἔχραε
1897 3315 2178 3398 δαίμων·

333 3437 338 3442 “
373 3420 700 3486 ἀσπάσιον
746 3414 808 3485 δ’
861 3421 986 3505 ἄρα
1029 3422 1150 3486 τόν
1192 3443 1268 3504 γε
1312 3418 1466 3485 θεοὶ
1510 3423 1867 3504 κακότητος
1911 3422 2185 3503 ἔλυσαν,

374 3523 462 3604 ὧς
503 3522 764 3592 Ὀδυσεῖ
804 3524 1141 3591 ἀσπαστὸν
1186 3524 1444 3590 ἐείσατο
1489 3536 1645 3607 γαῖα
1688 3523 1799 3591 καὶ
1842 3524 2000 3608 ὕλη,
