2646 3932
992 183 1397 239 SUMMARIA.
1787 230 1791 236 .
2126 179 2199 235 XI

166 352 360 412 caede
407 353 470 411 et
512 352 761 412 laudato
801 350 1026 430 Oreste,
1066 351 1301 411 sceleris
1339 352 1554 430 ultore,
1592 351 1873 410 hortatur
1907 352 1981 409 ut
2016 368 2202 426 quam

165 439 446 517 primum
496 443 713 518 pergat
757 441 833 499 ad
869 440 1209 500 Menelaum
1254 460 1447 516 nuper
1500 459 1573 499 ex
1624 439 1953 518 longinquo
2009 457 2203 497 errore

167 547 488 588 reversum
526 522 955 609 (201—328).
1028 529 1125 587 Ad
1160 547 1487 607 vesperam,
1536 529 1862 604 antequam
1896 527 1960 585 in
1994 526 2205 585 urbem

169 617 436 676 redeunt
482 617 665 695 Pylii,
723 616 853 675 abit
903 616 1198 694 Minerva,
1256 636 1440 693 quam
1493 615 1558 674 in
1613 616 1875 676 discessu
1934 615 2203 694 agnitam

171 708 509 765 veneratur
550 706 772 765 Nestor
815 707 877 764 et
920 705 1179 765 vitulam
1229 706 1373 765 deae
1420 705 1875 764 immolaturum
1920 723 1981 763 se
2027 705 2207 763 vovet

175 786 615 875 (329—394).
706 793 804 852 Ita
851 793 1240 853 Telemachus
1295 794 1359 852 in
1415 794 1588 852 aedes
1636 793 1909 852 Nestoris
1964 791 2207 851 ducitur

177 884 244 941 et
300 882 389 941 ibi
445 883 761 958 pernoctat
816 875 1245 962 (395-403).
1337 882 1512 941 Mane
1567 881 1853 957 postridie
1908 880 1971 938 in
2030 881 2204 940 domo

175 969 344 1048 regis
408 969 716 1045 privatum
770 988 1007 1029 sacrum
1059 969 1131 1028 fit
1185 970 1515 1047 Minervae,
1573 988 1693 1046 quo
1748 972 1991 1045 peracto
2039 968 2204 1027 Tele-

179 1059 435 1119 machus
473 1077 612 1118 cum
642 1058 978 1136 Pisistrato,
1013 1059 1286 1118 Nestoris
1315 1058 1457 1137 filio,
1487 1077 1668 1117 curru
1695 1057 2003 1117 contendit
2029 1056 2205 1133 Spar-

181 1149 318 1205 tam
369 1139 798 1227 (404—485).
898 1147 1088 1206 Nocte
1143 1147 1415 1222 proxima
1471 1147 1633 1222 apud
1686 1145 1982 1223 Dioclem,
2046 1144 2206 1221 prin-

182 1234 383 1311 cipem
416 1234 845 1312 Pheraeorum,
892 1235 1188 1294 deversati
1235 1236 1429 1294 altera
1475 1227 1772 1311 Spartam‘
1799 1234 2209 1311 pervehuntur

185 1315 620 1404 (486—497)
1179 1404 1239 1470 V

323 1499 632 1558 Menelaus
695 1500 939 1575 nuptias
1003 1499 1264 1560 filiorum
1319 1499 1606 1577 celebrat,
1672 1519 1809 1558 cum
1864 1499 1940 1558 ad
2004 1499 2208 1558 aulam

189 1588 322 1647 eius
359 1588 650 1647 accedunt
685 1588 1074 1647 Telemachus
1112 1591 1174 1647 et
1205 1587 1588 1665 Pisistratus3
1628 1588 1845 1664 quibus
1880 1587 2209 1647 liberaliter

189 1675 454 1752 hospitio
509 1676 784 1735 invitatis
838 1677 1051 1752 epulae
1107 1679 1494 1752 apponuntur
1550 1670 1843 1757 (1—67).
1937 1674 2088 1734 Cum
2133 1675 2207 1733 iis

194 1783 377 1841 super
420 1782 628 1823 cenam
676 1782 1006 1824 sermonem
1050 1764 1280 1824 confert
1305 1764 1631 1842 MenelauS,
1669 1784 1787 1824 non
1826 1763 1951 1823 sine
1987 1764 2208 1823 blanda

193 1851 494 1912 mentione
530 1852 748 1931 UlixiS,
796 1872 950 1928 quae
1004 1852 1212 1911 statim
1249 1851 1477 1930 detegit
1509 1852 1728 1930 filium,
1776 1873 1955 1930 quem
1992 1855 2054 1912 et
2089 1852 2205 1912 He-

194 1942 333 2002 lena
358 1940 591 2000 intrans
620 1941 892 2020 agnoscit
920 1932 1305 2022 (es—154).
1357 1940 1495 2001 Mox
1521 1941 1637 2001 viri
1664 1941 1952 2002 desiderio
1982 1940 2208 2002 affectis

197 2029 473 2090 omnibus
510 2029 792 2089 lacrimae
839 2029 1219 2105 oboriuntur3
1266 2030 1368 2089 sed
1414 2049 1621 2088 earum
1664 2030 1993 2089 remedium
2039 2031 2210 2090 affert

198 2119 452 2196 Helena,
507 2138 663 2195 quae
718 2137 856 2177 cum
899 2118 1169 2180 Menelao
1217 2117 1293 2176 ad
1348 2136 1623 2176 somnum
1676 2136 1869 2194 usque
1925 2119 2209 2195 temporis

199 2207 361 2284 apud
422 2206 606 2265 Ilium
670 2206 791 2266 acti
853 2209 916 2265 et
976 2206 1274 2266 virtutum
1328 2205 1521 2265 Ulixis
1583 2206 1931 2266 memoriam
1991 2207 2210 2283 repetit

200 2289 628 2376 (155—305).
707 2296 954 2354 Postero
1008 2294 1103 2353 die
1158 2294 1565 2354 calamitatem
1611 2294 1822 2354 domus
1877 2313 2021 2354 suae
2068 2315 2210 2371 que-

199 2384 355 2444 renti
409 2383 760 2443 Telemacho
825 2386 888 2442 et
948 2382 1139 2460 patris
1197 2383 1505 2444 fortunam
1567 2382 1943 2459 percontanti
2005 2386 2213 2442 narrat

200 2472 505 2532 Menelaus
542 2472 612 2531 de
650 2471 948 2531 erroribus
985 2471 1127 2549 suiS,
1165 2474 1227 2531 et
1253 2471 1444 2548 quid
1427 2471 1544 2548 1psi
1570 2472 1942 2548 responderit
1971 2472 2210 2550 Aegyp-

202 2560 323 2620 tius
368 2560 622 2620 Proteus
667 2560 739 2619 de
793 2559 1030 2619 casibus
1079 2559 1461 2620 redeuntium
1504 2559 1895 2639 Achivorum,
1942 2560 2210 2620 nomina-

202 2649 312 2708 tim
337 2647 538 2707 Aiacis
581 2647 891 2708 Locrensis
941 2651 1004 2707 et
1038 2633 1520 2726 AgamemnoniS,
1567 2651 1750 2724 atque
1795 2648 1866 2708 de
1911 2648 2103 2708 Ulixis
2149 2648 2213 2707 in

202 2737 399 2796 insula
455 2735 748 2812 Calypsus
811 2736 1300 2813 commoration03
1366 2736 1621 2813 denique
1685 2736 2077 2815 adulescenti,
2140 2740 2213 2796 ut

203 2825 438 2904 longius
493 2824 743 2901 Spartae
796 2827 1039 2884 maneat
1053 2872 1068 2902 ,
1119 2827 1333 2904 rogato
1388 2843 1636 2884 munera
1689 2825 2015 2901 hospitalia
2075 2845 2209 2902 pro-

204 2913 391 2974 mittit
437 2905 863 2994 (306—619).
937 2913 1173 2973 Interea
1225 2913 1417 2991 proci,
1471 2915 1545 2971 ut
1590 2913 1925 2973 Telemachi
1980 2914 2214 2973 abitum

206 3004 641 3079 compererunt,
699 3001 770 3060 de
816 3000 1049 3060 insidiis
1103 3001 1426 3060 revertenti
1479 3002 1745 3061 locandis
1792 3002 2041 3062 consilia
2086 3002 2209 3081 agi-

205 3092 351 3168 tant,
387 3108 542 3166 quae
568 3089 784 3149 Medon
820 3092 1066 3165 excepta
1103 3090 1298 3165 aperit
1332 3089 1693 3167 Penelopae,
1732 3090 1926 3150 adhuc
1964 3089 2211 3169 ignarae

205 3177 581 3255 profectionis
637 3174 1062 3255 (620—714).
1146 3177 1393 3237 Afflicta
1444 3179 1558 3238 hoc
1610 3178 1824 3238 nuntio
1870 3178 2080 3257 regina
2124 3179 2210 3238 la-

205 3269 527 3343 mentatur3
581 3265 718 3325 dein
771 3267 1016 3342 precata
1069 3266 1400 3327 Minervam
1454 3264 1657 3326 divino
1714 3266 1942 3328 somnio
2003 3266 2209 3327 confir-

205 3359 401 3415 matur
442 3374 550 3431 per
593 3354 859 3431 quietem
902 3354 1094 3414 noctis
1139 3355 1294 3432 eius,
1352 3373 1474 3430 qua
1527 3354 1742 3414 delecti
1786 3374 2103 3430 procorum
2147 3355 2211 3413 in

206 3443 534 3503 Asteridem
596 3441 858 3501 insulam
918 3442 1235 3521 navigant,
1298 3444 1373 3500 ut
1427 3441 1625 3502 caedis
1679 3442 1997 3502 consilium
2050 3461 2210 3503 exse-

207 3534 464 3611 quantur
501 3522 928 3613 (715—847).
