2646 3932
393 197 525 263 204
1147 200 1561 250 οΔΤΣΣΕΙΑΣ
1596 201 1667 251 M.

390 335 611 424 ἦλθον
655 337 763 406 ἐπὶ
796 341 1106 424 Σκύλλης
1151 343 1476 406 σκόπελον
1523 342 1752 425 δεινήν
1788 364 1856 407 τε
1896 343 2256 427 Χάρυβδιν.
2304 358 2407 408 430

393 444 436 529 ἡ
483 441 606 531 μὲν
652 445 1128 531 ἀνερροίβδησε
1171 447 1519 530 θαλάσσης
1563 445 1863 532 ἁλμυρὸν
1904 447 2116 534 ὕδωρ·

394 550 604 637 αὐτὰρ
651 550 778 634 ἐγὼ
824 549 978 617 ποτὶ
1025 552 1279 638 μακρὸν
1323 550 1583 636 ἐρινεὸν
1627 549 1826 629 ὑψόσ’
1879 552 2173 637 ἀερθείς,

391 664 482 744 τῷ
528 658 836 740 προσφὺς
880 655 1123 741 ἐχόμην
1170 657 1258 734 ὡς
1302 660 1619 742 νυκτερίς.
1714 655 1877 722 οὐδέ
1915 678 2006 741 πῃ
2053 654 2234 743 εἶχον

394 760 545 826 οὔτε
592 761 890 846 στηρίξαι
934 760 1134 827 ποσὶν
1179 764 1466 847 ἔμπεδον
1512 760 1652 828 οὔτ’
1706 763 2039 845 ἐπιβῆναι·

393 866 564 952 ῥίζαι
608 867 736 952 γὰρ
783 865 934 944 ἑκὰς
978 863 1189 953 εἶχον,
1237 868 1536 954 ἀπήωροι
1584 867 1645 935 δ’
1699 871 1859 934 ἔσαν
1905 870 2071 951 ὄζοι,
2305 887 2409 937 436

393 975 638 1057 μακροί
675 995 745 1038 τε
790 973 1063 1056 μεγάλοι
1108 995 1210 1056 τε,
1256 977 1648 1039 κατεσκίαον
1694 970 1769 1039 δὲ
1816 974 2178 1058 Χάρυβδιν.

391 1076 735 1161 νωλεμέως
780 1074 842 1142 δ’
896 1076 1170 1162 ἐχόμην,
1217 1076 1374 1164 ὄφρ’
1427 1078 1788 1163 ἐξεμέσειεν
1833 1079 2085 1144 ὀπίσσω

396 1182 582 1247 ἰστὸν
624 1181 735 1247 καὶ
778 1184 1014 1268 τρόπιν
1059 1178 1270 1260 αὖτις·
1337 1182 1701 1270 ἐελδομένῳ
1749 1181 1829 1248 δέ
1867 1206 1981 1268 μοι
2024 1179 2243 1268 ἦλθον

394 1283 540 1364 ὄψ’·
585 1282 752 1371 ἦμος
797 1285 859 1353 δ’
913 1287 1019 1353 ἐπὶ
1066 1290 1321 1373 δόρπον
1367 1288 1535 1374 ἀνὴρ
1583 1288 1923 1373 ἀγορῆθεν
1969 1287 2206 1373 ἀνέστη

392 1396 642 1477 κρίνων
684 1396 902 1458 νείκεα
948 1396 1159 1459 πολλὰ
1208 1392 1653 1478 δικαζομένων
1700 1396 1973 1478 αἰζηῶν,
2306 1411 2413 1460 440

394 1507 596 1582 τῆμος
642 1498 724 1581 δὴ
770 1498 852 1562 τά
895 1520 970 1579 γε
1017 1500 1227 1580 δοῦρα
1276 1500 1651 1584 Χαρύβδιος
1696 1498 2093 1583 ἐξεφαάνθη.

393 1599 521 1686 ἧκα
567 1600 628 1668 δ’
682 1602 808 1685 ἐγὼ
856 1604 1244 1689 καθύπερθε
1289 1606 1499 1682 πόδας
1542 1602 1654 1670 καὶ
1698 1616 1873 1689 χεῖρε
1920 1604 2278 1690 φέρεσθαι,

394 1709 612 1798 μέσσῳ
661 1706 723 1774 δ’
776 1707 1156 1794 ἐνδούπησα
1200 1707 1403 1796 παρὲξ
1447 1712 1807 1795 περιμήκεα
1852 1711 2092 1794 δοῦρα,

395 1814 697 1900 ἑζόμενος
742 1811 803 1880 δ’
857 1813 963 1880 ἐπὶ
1006 1827 1181 1881 τοῖσι
1227 1817 1501 1901 διήρεσα
1544 1815 1774 1902 χερσὶν
1819 1815 2067 1900 ἐμῇσιν.

395 1921 735 2006 [Σκύλλην
772 1918 834 1986 δ’
880 1919 1092 1987 οὐκέτ’
1137 1925 1287 1988 ἔασε
1325 1923 1538 2007 πατὴρ
1576 1921 1841 2008 ἀνδρῶν
1885 1943 1956 1987 τε
1991 1926 2175 1987 θεῶν
2199 1943 2269 1984 τε
2308 1935 2414 1987 445

394 2026 731 2094 εἰσιδέειν·
779 2028 862 2094 οὐ
907 2029 1034 2112 γάρ
1079 2052 1195 2094 κεν
1240 2027 1630 2114 ὑπέκφυγον
1675 2031 1878 2093 αἰπὺν
1925 2028 2258 2112 ὄλεθρον.]

484 2137 684 2199 ἔνθεν
730 2128 793 2199 δ’
844 2133 1135 2218 ἐννῆμαρ
1183 2136 1514 2218 φερόμην,
1562 2134 1799 2217 δεκάτῃ
1847 2130 1927 2197 δέ
1965 2155 2044 2216 με
2089 2130 2280 2197 νυκτὶ

396 2249 607 2325 νῆσον
651 2238 718 2315 ἐς
756 2235 1072 2322 Ὠγυγίην
1117 2235 1413 2303 πέλασαν
1456 2242 1639 2320 θεοί,
1687 2240 1856 2303 ἔνθα
1902 2237 2199 2313 Καλυψὼ

395 2349 567 2411 ναίει
613 2345 1051 2428 ἐυπλόκαμος,
1099 2345 1284 2427 δεινὴ
1330 2345 1492 2420 θεὸς
1536 2343 1901 2427 αὐδήεσσα,

396 2452 437 2534 ἤ
484 2449 550 2536 μ’
603 2450 817 2536 ἐφίλει
860 2447 919 2515 τ’
963 2449 1181 2534 ἐκόμει
1216 2474 1302 2516 τε.
1368 2452 1441 2514 τί
1467 2472 1572 2516 τοι
1607 2450 1764 2514 τάδε
1801 2448 2266 2531 μυθολογεύω;
2306 2462 2416 2513 450

396 2558 524 2639 ἤδη
570 2556 697 2640 γάρ
741 2577 845 2621 τοι
888 2557 1114 2641 χθιζὸς
1160 2554 1540 2640 ἐμυθεόμην
1586 2552 1686 2620 ἐνὶ
1732 2560 1889 2640 οἴκῳ

398 2665 514 2728 σοί
552 2684 620 2725 τε
668 2658 778 2725 καὶ
825 2663 1072 2745 ἰφθίμῃ
1120 2660 1364 2748 ἀλόχῳ·
1412 2660 1658 2745 ἐχθρὸν
1704 2657 1784 2724 δέ
1824 2661 1943 2742 μοι’
1983 2656 2165 2722 ἐστιν

397 2762 584 2844 αὖτις
629 2766 946 2851 ἀριζήλως
991 2765 1303 2853 εἰρημένα
1349 2764 1901 2851 μυθολογεύειν.“

1210 3076 1587 3114 w...-

804 3263 1039 3332 umv.
1100 3269 1129 3327 Ε
1180 3267 1207 3302 ff

1015 3463 1195 3551 δΑΝ
1276 3480 1331 3556 6
1389 3469 1571 3553 1912
