2646 3932
1032 193 1449 248 οΔΤΣΣΕΙΑΣ
1484 195 1550 249 v,
2220 195 2303 258 89

286 332 378 411 ἂψ
425 327 489 397 δ’
541 336 779 418 ἔφερεν
823 331 989 417 μέγα
1033 344 1208 419 κῦμα
1251 337 1416 404 κατὰ
1462 336 1654 421 ῥόον,
1702 331 1866 415 αἶψα
1915 332 1976 402 δ’
2020 333 2125 423 ἄρ’
2164 332 2306 402 Ἰνὼ

287 437 515 518 δέξατο
562 437 748 524 χερσὶ
794 441 1098 523 φίλῃσιν·
1161 440 1200 507 ὁ
1247 435 1309 507 δ’
1362 441 1435 507 ἐκ
1476 454 1800 527 ποταμοῖο
1846 442 2149 521 λιασθεὶς

287 547 530 633 σχοίνῳ
578 544 979 630 ὑπεκλίνθη,
1024 547 1183 612 κύσε
1233 543 1305 612 δὲ
1354 549 1666 634 ζείδωρον
1713 549 2026 634 ἄρουραν.

286 650 582 735 ὀχθήσας
629 645 692 715 δ’
744 652 873 737 ἄρα
919 646 1057 717 εἷπε
1104 653 1269 739 πρὸς
1311 652 1394 718 ὃν
1439 656 1853 739 μεγαλήτορα
1897 657 2150 739 θυμόν·

286 756 381 838 ,,ὥ
430 778 543 840 μοι
589 755 749 839 ἐγώ,
794 759 866 822 τί
893 758 1121 837 πάθω;
1169 761 1240 823 τί
1269 759 1356 823 νύ
1392 782 1506 842 μοι
1542 761 1823 843 μήκιστα
1858 758 2155 842 γένηται;
2205 777 2307 826 465
2394 791 2397 796 ·

284 864 348 926 εἰ
388 860 510 947 μέν
553 856 615 928 κ’
668 862 742 928 ἐν
786 872 1057 952 ποταμῷ
1103 863 1436 948 δυσκηδέα
1479 865 1687 930 νύκτα
1732 865 2086 949 φυλάσσω,

284 971 373 1052 μή
420 962 488 1052 μ’
539 969 781 1052 ἄμυδις
826 972 1014 1053 στίβη
1060 992 1130 1034 τε
1173 970 1339 1053 κακὴ
1385 969 1497 1035 καὶ
1539 975 1759 1054 θῆλυς
1804 969 1995 1056 ἐέρση

285 1072 350 1152 ἐξ
397 1073 820 1157 ὀλιγηπελίης
864 1074 1127 1159 δαμάσῃ
1171 1078 1547 1160 κεκαφηότα
1591 1078 1845 1160 θυμόν·

285 1180 456 1265 αὔρη
505 1173 567 1244 δ’
619 1178 691 1245 ἐκ
734 1190 1034 1264 ποταμοῦ
1077 1182 1297 1265 ψυχρὴ
1344 1179 1529 1246 πνέει
1572 1181 1751 1264 ἠῶθι
1794 1184 1940 1267 πρό.

283 1286 347 1349 εἰ
388 1283 468 1350 δέ
507 1308 624 1350 κεν
669 1284 740 1363 ἐς
783 1288 1014 1354 κλιτὺν
1058 1285 1309 1370 ἀναβὰς
1353 1285 1466 1353 καὶ
1512 1287 1788 1353 δάσκιον
1832 1287 2005 1370 ῧλην
2201 1304 2307 1354 4⁷0

282 1391 571 1475 θάμνοις
617 1390 691 1457 ἐν
735 1403 1075 1458 πυκινοῖσι
1119 1393 1549 1478 καταδράθω,
1596 1400 1664 1459 εί
1700 1416 1779 1478 με
1824 1396 2059 1478 μεθείη

284 1497 470 1582 ῥῖγος
513 1496 625 1562 καὶ
668 1498 983 1583 κάματος,
1028 1500 1347 1582 γλυκερὸς
1392 1497 1472 1563 δέ
1510 1521 1625 1582 μοι
1669 1497 1879 1576 ὕπνος
1924 1499 2226 1583 ἐπέλθοι,

285 1604 515 1686 δείδω,
563 1604 650 1688 μὴ
698 1606 1026 1690 θήρεσσιν
1073 1603 1242 1690 ἕλωρ
1287 1601 1399 1669 καὶ
1443 1604 1661 1690 κύρμα
1705 1602 2061 1689 γένωμαι.“

374 1704 464 1787 ὥς
509 1711 636 1795 ἄρα
682 1710 755 1775 οἰ
792 1709 1151 1796 φρονέοντι
1197 1710 1528 1776 δοάσσατο
1573 1709 1842 1795 κέρδιον
1887 1706 2085 1777 εἶναι·

281 1817 366 1898 βῆ
414 1808 476 1901 ῤ’
528 1822 676 1900 ἴμεν
721 1818 816 1893 εἰς
859 1816 1061 1899 ὕλην·
1104 1817 1229 1899 τὴν
1256 1812 1351 1899 ,δὲ
1397 1817 1638 1900 σχεδὸν
1680 1816 1924 1894 ὕδατος
1960 1812 2155 1903 εὗρεν
2200 1834 2303 1883 475

281 1918 355 1985 έν
400 1919 962 2011 περιφαινομένῳ·
1009 1922 1237 1999 δοιοὺς
1284 1915 1346 1987 δ’
1398 1916 1504 2009 ἄρ’
1554 1922 1860 2008 ὑπήλυθε
1904 1925 2239 2009 θάμνους,

283 2025 348 2105 ἐξ
396 2025 648 2110 ὁμόθεν
691 2038 1072 2111 πεφυῶτας·
1137 2026 1174 2093 ὁ
1219 2024 1343 2113 μὲν
1387 2031 1662 2113 φυλίης,
1710 2028 1747 2095 ὁ
1794 2025 1855 2095 δ’
1907 2029 2144 2114 ἐλαίης.

282 2134 437 2208 τοὺς
490 2128 614 2217 μὲν
659 2127 763 2219 ἄρ’
818 2127 958 2198 οὔτ’
1011 2132 1273 2217 ἀνέμων
1318 2134 1473 2217 διάη
1520 2132 1718 2218 μένος
1761 2134 1972 2221 ὑγρὸν
2018 2135 2300 2217 ἀέντων,

282 2239 435 2303 οὔτε
480 2232 626 2303 ποτ’
677 2237 896 2322 ἠέλιος
941 2237 1222 2323 φαέθων
1267 2238 1526 2305 ἀκτῖσιν
1571 2242 1877 2324 ἔβαλλεν,

282 2339 422 2409 οὔτ’
474 2345 720 2431 ὄμβρος
763 2345 1091 2431 περάασκε
1136 2343 1515 2431 διαμπερές·
1579 2340 1669 2422 ὧς
1713 2346 1841 2431 ἄρα
1884 2346 2125 2413 πυκνοὶ
2198 2364 2304 2414 480

288 2449 674 2533 ἀλλήλοισιν
719 2453 893 2534 ἔφυν
938 2450 1396 2535 ἐπαμοιβαδίς·
1443 2450 1561 2528 οὓς
1604 2445 1718 2515 ὑπ’
1764 2445 2118 2530 Ὀδυσσεὺς

282 2550 526 2621 δύσετ’.
590 2557 770 2642 ἄφαρ
820 2550 882 2622 δ’
933 2556 1138 2640 εὐνὴν
1185 2556 1561 2641 ἐπαμήσατο
1606 2555 1793 2643 χερσὶ
1837 2560 2115 2643 φίλῃσιν

282 2661 576 2746 εὐρεῖαν·
622 2662 900 2746 φύλλων
943 2663 1072 2748 γὰρ
1119 2665 1239 2746 ἔην
1281 2664 1473 2747 χύσις
1516 2664 1722 2745 ἤλιθα
1765 2666 2008 2747 πολλή,

279 2767 486 2833 ὅσσον
530 2762 590 2832 τ’
639 2764 716 2851 ἠὲ
762 2768 902 2833 δύω
948 2764 1025 2850 ἠὲ
1068 2778 1245 2853 τρεῖς
1291 2770 1539 2855 ἄνδρας
1583 2771 1867 2855 ἔρυσθαι

279 2874 417 2959 ὥρῃ
461 2876 785 2959 χειμερίῃ,
831 2876 895 2939 εἰ
933 2872 1045 2940 καὶ
1090 2874 1264 2958 μάλα
1307 2895 1432 2961 περ
1477 2878 1877 2959 χαλεπαίνοι.
2194 2892 2299 2943 485

277 2980 400 3062 τὴν
443 2975 565 3064 μὲν
612 2980 778 3045 ἰδὼν
821 2981 1079 3064 γήθησε
1125 2980 1457 3057 πολύτλας
1501 2982 1646 3057 δῖος
1686 2975 2067 3064 Ὀδυσσεύς,

277 3082 351 3148 ἐν
396 3078 459 3149 δ’
510 3086 637 3170 ἄρα
683 3084 893 3171 μέσσῃ
940 3084 1160 3167 λέκτο,
1204 3086 1405 3170 χύσιν
1450 3081 1512 3151 δ’
1564 3085 1913 3171 ἐπεχεύατο
1959 3087 2252 3171 φύλλων.

277 3189 366 3265 ὡς
411 3183 474 3254 δ’
525 3189 632 3255 ὅτε
675 3213 776 3267 τις
821 3191 1029 3257 δαλὸν
1074 3194 1318 3277 σποδιῇ
1366 3190 1684 3278 ἐνέκρυψε
1728 3195 2004 3278 μελαίνῃ

275 3293 486 3380 ἀγροῦ
531 3289 633 3360 ἐπ’
685 3294 1015 3380 ἐσχατιῆς,
1062 3287 1115 3386 ᾧ
1160 3298 1249 3381 μὴ
1295 3298 1476 3383 πάρα
1519 3300 1810 3380 γείτονες
1855 3300 2074 3383 ἄλλοι,

275 3398 530 3485 σπέρμα
564 3401 776 3486 πυρὸς
812 3402 1071 3485 σώζων,
1108 3402 1220 3467 ἵνα
1256 3405 1346 3486 μή
1382 3409 1598 3468 ποθεν
1635 3405 1926 3469 ἄλλοθεν
1961 3405 2145 3489 αὔοι,
2192 3422 2298 3472 490

273 3501 362 3582 ὧς
402 3500 715 3583 Ὀδυσεὺς
760 3507 1077 3591 φύλλοισι
1119 3508 1478 3586 καλύψατο.
1569 3516 1661 3596 τῷ
1709 3502 1772 3574 δ’
1824 3504 1930 3594 ἄρ’
1977 3505 2223 3595 Ἀθήνη
