<?xml version="1.0" encoding="UTF-8"?>
<!DOCTYPE html PUBLIC "-//W3C//DTD XHTML 1.0 Transitional//EN"
    "http://www.w3.org/TR/xhtml1/DTD/xhtml1-transitional.dtd">
<html xmlns="http://www.w3.org/1999/xhtml" xml:lang="en" lang="en">
 <head>
  <title>
</title>
<meta http-equiv="Content-Type" content="text/html;charset=utf-8" />
  <meta name='ocr-system' content='tesseract 3.04.00' />
  <meta name='ocr-capabilities' content='ocr_page ocr_carea ocr_par ocr_line ocrx_word'/>
</head>
<body>
  <div class='ocr_page' id='page_1' title='image "./homeriodyssea00wolfgoog_0095.png"; bbox 0 0 2646 3932; ppageno 0'>
   <div class='ocr_carea' id='block_1_1' title="bbox 28 3268 40 3866">
    <p class='ocr_par' dir='ltr' id='par_1_1' title="bbox 28 3268 40 3866">
     <span class='ocr_line' id='line_1_1' title="bbox 28 3268 40 3866; baseline 0 0"><span class='ocrx_word' id='word_1_1' title='bbox 28 3268 40 3866; x_wconf 95' lang='lat' dir='ltr'><strong><em> </em></strong></span> 
     </span>
    </p>
   </div>
   <div class='ocr_carea' id='block_1_2' title="bbox 1011 210 2287 288">
    <p class='ocr_par' dir='ltr' id='par_1_2' title="bbox 1011 210 2287 288">
     <span class='ocr_line' id='line_1_2' title="bbox 1011 210 2287 288; baseline 0.005 -10"><span class='ocrx_word' id='word_1_2' title='bbox 1011 210 1427 279; x_wconf 73' lang='grc' dir='ltr'><strong>οΔΤΣΣΕΙΑΣ</strong></span> <span class='ocrx_word' id='word_1_3' title='bbox 1462 229 1556 282; x_wconf 82' lang='lat' dir='ltr'><strong><em>1V.</em></strong></span> <span class='ocrx_word' id='word_1_4' title='bbox 2208 222 2287 288; x_wconf 77' lang='lat'><strong><em>67</em></strong></span> 
     </span>
    </p>
   </div>
   <div class='ocr_carea' id='block_1_3' title="bbox 216 366 2301 3697">
    <p class='ocr_par' dir='ltr' id='par_1_3' title="bbox 276 366 2151 454">
     <span class='ocr_line' id='line_1_3' title="bbox 276 366 2151 454; baseline 0.001 -22"><span class='ocrx_word' id='word_1_5' title='bbox 276 368 588 452; x_wconf 87' lang='grc' dir='ltr'><strong><em>ἀδμῆτες·</em></strong></span> <span class='ocrx_word' id='word_1_6' title='bbox 650 379 785 435; x_wconf 84' lang='grc' dir='ltr'><strong><em>τῶν</em></strong></span> <span class='ocrx_word' id='word_1_7' title='bbox 829 368 945 435; x_wconf 88' lang='grc' dir='ltr'><strong><em>κέν</em></strong></span> <span class='ocrx_word' id='word_1_8' title='bbox 988 366 1116 435; x_wconf 92' lang='grc' dir='ltr'><strong><em>τιν’</em></strong></span> <span class='ocrx_word' id='word_1_9' title='bbox 1170 368 1619 453; x_wconf 75' lang='grc' dir='ltr'><strong><em>ἐλασσάμενος</em></strong></span> <span class='ocrx_word' id='word_1_10' title='bbox 1664 368 2151 454; x_wconf 84' lang='grc' dir='ltr'><strong><em>δαμασαίμην.“</em></strong></span> 
     </span>
    </p>

    <p class='ocr_par' dir='ltr' id='par_1_4' title="bbox 275 467 2298 1517">
     <span class='ocr_line' id='line_1_4' title="bbox 364 467 2297 562; baseline 0 -23"><span class='ocrx_word' id='word_1_11' title='bbox 364 467 453 551; x_wconf 81' lang='grc' dir='ltr'><strong><em>ὧς</em></strong></span> <span class='ocrx_word' id='word_1_12' title='bbox 488 473 720 559; x_wconf 81' lang='grc' dir='ltr'><strong><em>ἔφαθ’,</em></strong></span> <span class='ocrx_word' id='word_1_13' title='bbox 761 475 832 541; x_wconf 76' lang='grc' dir='ltr'><strong><em>οἰ</em></strong></span> <span class='ocrx_word' id='word_1_14' title='bbox 863 474 925 540; x_wconf 93' lang='grc' dir='ltr'><strong><em>δ’</em></strong></span> <span class='ocrx_word' id='word_1_15' title='bbox 962 475 1090 541; x_wconf 87' lang='grc' dir='ltr'><strong><em>ἀνά</em></strong></span> <span class='ocrx_word' id='word_1_16' title='bbox 1120 477 1349 560; x_wconf 86' lang='grc' dir='ltr'><strong><em>θυμὸν</em></strong></span> <span class='ocrx_word' id='word_1_17' title='bbox 1376 475 1738 559; x_wconf 79' lang='grc' dir='ltr'><em>ἐθάμβεον·</em></span> <span class='ocrx_word' id='word_1_18' title='bbox 1784 474 1867 541; x_wconf 80' lang='grc' dir='ltr'><strong><em>οὐ</em></strong></span> <span class='ocrx_word' id='word_1_19' title='bbox 1893 476 2021 562; x_wconf 82' lang='grc' dir='ltr'><strong><em>γὰρ</em></strong></span> <span class='ocrx_word' id='word_1_20' title='bbox 2050 477 2297 559; x_wconf 78' lang='grc' dir='ltr'><strong><em>ἔφαντο</em></strong></span> 
     </span>
     <span class='ocr_line' id='line_1_5' title="bbox 278 579 2006 666; baseline -0.001 -20"><span class='ocrx_word' id='word_1_21' title='bbox 278 579 346 657; x_wconf 84' lang='grc' dir='ltr'><strong><em>ές</em></strong></span> <span class='ocrx_word' id='word_1_22' title='bbox 393 581 628 646; x_wconf 81' lang='grc' dir='ltr'><strong><em>Πύλον</em></strong></span> <span class='ocrx_word' id='word_1_23' title='bbox 674 587 978 665; x_wconf 82' lang='grc' dir='ltr'><strong><em>οἴχεσθαι</em></strong></span> <span class='ocrx_word' id='word_1_24' title='bbox 1024 584 1361 666; x_wconf 80' lang='grc' dir='ltr'><strong><em>Νηλήιον,</em></strong></span> <span class='ocrx_word' id='word_1_25' title='bbox 1408 581 1576 647; x_wconf 85' lang='grc' dir='ltr'><strong><em>ἀλλά</em></strong></span> <span class='ocrx_word' id='word_1_26' title='bbox 1618 602 1752 646; x_wconf 89' lang='grc' dir='ltr'><strong><em>που</em></strong></span> <span class='ocrx_word' id='word_1_27' title='bbox 1798 580 2006 646; x_wconf 87' lang='grc' dir='ltr'><strong><em>αὐτοῦ</em></strong></span> 
     </span>
     <span class='ocr_line' id='line_1_6' title="bbox 275 683 2298 774; baseline 0 -24"><span class='ocrx_word' id='word_1_28' title='bbox 275 686 499 773; x_wconf 94' lang='grc' dir='ltr'><strong><em>ἀγρῶν</em></strong></span> <span class='ocrx_word' id='word_1_29' title='bbox 543 685 585 770; x_wconf 80' lang='grc' dir='ltr'><em>ἢ</em></span> <span class='ocrx_word' id='word_1_30' title='bbox 632 689 899 771; x_wconf 84' lang='grc' dir='ltr'><strong><em>μήλοισι</em></strong></span> <span class='ocrx_word' id='word_1_31' title='bbox 944 686 1353 774; x_wconf 80' lang='grc' dir='ltr'><strong><em>παρέμμεναι</em></strong></span> <span class='ocrx_word' id='word_1_32' title='bbox 1396 683 1473 770; x_wconf 71' lang='grc' dir='ltr'><strong><em>ἠὲ</em></strong></span> <span class='ocrx_word' id='word_1_33' title='bbox 1519 687 1802 772; x_wconf 82' lang='grc' dir='ltr'><strong><em>συβώτῃ.</em></strong></span> <span class='ocrx_word' id='word_1_34' title='bbox 2195 699 2298 752; x_wconf 75' lang='lat'><strong><em>640</em></strong></span> 
     </span>
     <span class='ocr_line' id='line_1_7' title="bbox 276 787 2079 878; baseline 0.001 -23"><span class='ocrx_word' id='word_1_35' title='bbox 276 793 392 856; x_wconf 88' lang='grc' dir='ltr'><strong><em>τὸν</em></strong></span> <span class='ocrx_word' id='word_1_36' title='bbox 438 788 501 857; x_wconf 87' lang='grc' dir='ltr'><strong><em>δ’</em></strong></span> <span class='ocrx_word' id='word_1_37' title='bbox 555 787 700 858; x_wconf 85' lang='grc' dir='ltr'><strong><em>αὖτ’</em></strong></span> <span class='ocrx_word' id='word_1_38' title='bbox 747 789 1080 869; x_wconf 89' lang='grc' dir='ltr'><strong><em>Ἀντίνοος</em></strong></span> <span class='ocrx_word' id='word_1_39' title='bbox 1123 791 1428 878; x_wconf 80' lang='grc' dir='ltr'><strong><em>προσέφη</em></strong></span> <span class='ocrx_word' id='word_1_40' title='bbox 1478 791 1861 869; x_wconf 89' lang='grc' dir='ltr'><strong><em>Ἐυπείθεος</em></strong></span> <span class='ocrx_word' id='word_1_41' title='bbox 1904 793 2079 869; x_wconf 82' lang='grc' dir='ltr'><strong><em>υίός·</em></strong></span> 
     </span>
     <span class='ocr_line' id='line_1_8' title="bbox 277 896 2158 987; baseline -0.001 -24"><span class='ocrx_word' id='word_1_42' title='bbox 277 896 636 984; x_wconf 86' lang='grc' dir='ltr'><strong><em>,,νημερτές</em></strong></span> <span class='ocrx_word' id='word_1_43' title='bbox 680 922 794 983; x_wconf 93' lang='grc' dir='ltr'><strong><em>μοι</em></strong></span> <span class='ocrx_word' id='word_1_44' title='bbox 839 901 1094 981; x_wconf 80' lang='grc' dir='ltr'><strong><em>ἔνισπε,</em></strong></span> <span class='ocrx_word' id='word_1_45' title='bbox 1139 896 1285 964; x_wconf 91' lang='grc' dir='ltr'><strong><em>πότ’</em></strong></span> <span class='ocrx_word' id='word_1_46' title='bbox 1339 897 1544 987; x_wconf 70' lang='grc' dir='ltr'><strong><em>ᾤχετο</em></strong></span> <span class='ocrx_word' id='word_1_47' title='bbox 1597 896 1709 966; x_wconf 86' lang='grc' dir='ltr'><strong><em>καὶ</em></strong></span> <span class='ocrx_word' id='word_1_48' title='bbox 1752 901 1929 975; x_wconf 88' lang='grc' dir='ltr'><strong><em>τίνες</em></strong></span> <span class='ocrx_word' id='word_1_49' title='bbox 1978 897 2158 984; x_wconf 75' lang='grc' dir='ltr'><strong><em>αὐτῷ</em></strong></span> 
     </span>
     <span class='ocr_line' id='line_1_9' title="bbox 275 998 2138 1091; baseline 0.001 -24"><span class='ocrx_word' id='word_1_50' title='bbox 275 1012 509 1088; x_wconf 86' lang='grc' dir='ltr'><strong><em>κοῦροι</em></strong></span> <span class='ocrx_word' id='word_1_51' title='bbox 554 1002 780 1069; x_wconf 80' lang='grc' dir='ltr'><strong><em>ἕποντ’</em></strong></span> <span class='ocrx_word' id='word_1_52' title='bbox 827 1002 1091 1088; x_wconf 83' lang='grc' dir='ltr'><strong><em>Ἰθάκης</em></strong></span> <span class='ocrx_word' id='word_1_53' title='bbox 1136 1003 1484 1091; x_wconf 68' lang='grc' dir='ltr'><strong><em>έξαίρετοις</em></strong></span> <span class='ocrx_word' id='word_1_54' title='bbox 1528 998 1573 1088; x_wconf 78' lang='grc' dir='ltr'><em>ἦ</em></span> <span class='ocrx_word' id='word_1_55' title='bbox 1620 1002 1719 1070; x_wconf 75' lang='grc' dir='ltr'><strong><em>ἑοὶ</em></strong></span> <span class='ocrx_word' id='word_1_56' title='bbox 1764 1004 1972 1069; x_wconf 86' lang='grc' dir='ltr'><strong><em>αὐτοῦ</em></strong></span> <span class='ocrx_word' id='word_1_57' title='bbox 2135 1019 2138 1024; x_wconf 85' lang='grc'><strong><em>’</em></strong></span> 
     </span>
     <span class='ocr_line' id='line_1_10' title="bbox 275 1106 2074 1193; baseline 0.001 -21"><span class='ocrx_word' id='word_1_58' title='bbox 275 1106 477 1191; x_wconf 87' lang='grc' dir='ltr'><strong><em>θῆτές</em></strong></span> <span class='ocrx_word' id='word_1_59' title='bbox 519 1131 590 1173; x_wconf 93' lang='grc' dir='ltr'><strong><em>τε</em></strong></span> <span class='ocrx_word' id='word_1_60' title='bbox 638 1108 850 1193; x_wconf 86' lang='grc' dir='ltr'><strong><em>δμῶές</em></strong></span> <span class='ocrx_word' id='word_1_61' title='bbox 893 1132 993 1188; x_wconf 71' lang='grc' dir='ltr'><strong><em>τες</em></strong></span> <span class='ocrx_word' id='word_1_62' title='bbox 1044 1109 1317 1175; x_wconf 90' lang='grc' dir='ltr'><strong><em>δύναιτό</em></strong></span> <span class='ocrx_word' id='word_1_63' title='bbox 1362 1133 1437 1176; x_wconf 88' lang='grc' dir='ltr'><strong><em>κε</em></strong></span> <span class='ocrx_word' id='word_1_64' title='bbox 1480 1107 1593 1176; x_wconf 85' lang='grc' dir='ltr'><strong><em>καὶ</em></strong></span> <span class='ocrx_word' id='word_1_65' title='bbox 1635 1111 1711 1175; x_wconf 87' lang='grc' dir='ltr'><strong><em>τὸ</em></strong></span> <span class='ocrx_word' id='word_1_66' title='bbox 1755 1108 2074 1175; x_wconf 82' lang='grc' dir='ltr'><strong><em>τελέσσαι.</em></strong></span> 
     </span>
     <span class='ocr_line' id='line_1_11' title="bbox 276 1213 2298 1302; baseline 0.001 -24"><span class='ocrx_word' id='word_1_67' title='bbox 276 1215 394 1278; x_wconf 84' lang='grc' dir='ltr'><strong><em>καί</em></strong></span> <span class='ocrx_word' id='word_1_68' title='bbox 432 1237 546 1298; x_wconf 92' lang='grc' dir='ltr'><strong><em>μοι</em></strong></span> <span class='ocrx_word' id='word_1_69' title='bbox 589 1213 767 1279; x_wconf 88' lang='grc' dir='ltr'><strong><em>τοῦτ’</em></strong></span> <span class='ocrx_word' id='word_1_70' title='bbox 820 1214 1190 1302; x_wconf 76' lang='grc' dir='ltr'><strong><em>ἀγόρευσον</em></strong></span> <span class='ocrx_word' id='word_1_71' title='bbox 1226 1214 1579 1300; x_wconf 80' lang='grc' dir='ltr'><strong><em>ἐτήτυμον,</em></strong></span> <span class='ocrx_word' id='word_1_72' title='bbox 1629 1214 1783 1301; x_wconf 76' lang='grc' dir='ltr'><strong><em>ὄφρ’</em></strong></span> <span class='ocrx_word' id='word_1_73' title='bbox 1838 1215 1913 1281; x_wconf 63' lang='lat' dir='ltr'><strong><em>&amp;h</em></strong></span> <span class='ocrx_word' id='word_1_74' title='bbox 1959 1216 2147 1298; x_wconf 80' lang='grc' dir='ltr'><strong><em>εἰδῶ,</em></strong></span> <span class='ocrx_word' id='word_1_75' title='bbox 2195 1230 2298 1281; x_wconf 76' lang='grc'><strong><em>646</em></strong></span> 
     </span>
     <span class='ocr_line' id='line_1_12' title="bbox 277 1319 1840 1406; baseline 0.003 -23"><span class='ocrx_word' id='word_1_76' title='bbox 277 1319 320 1401; x_wconf 78' lang='grc' dir='ltr'><em>ἤ</em></span> <span class='ocrx_word' id='word_1_77' title='bbox 367 1335 441 1384; x_wconf 97' lang='grc' dir='ltr'><strong><em>σε</em></strong></span> <span class='ocrx_word' id='word_1_78' title='bbox 496 1322 608 1405; x_wconf 80' lang='grc' dir='ltr'><strong><em>βίῃ</em></strong></span> <span class='ocrx_word' id='word_1_79' title='bbox 658 1319 966 1397; x_wconf 77' lang='grc' dir='ltr'><strong><em>ἀέκοντος</em></strong></span> <span class='ocrx_word' id='word_1_80' title='bbox 1011 1320 1274 1406; x_wconf 85' lang='grc' dir='ltr'><strong><em>ἀπηύρα</em></strong></span> <span class='ocrx_word' id='word_1_81' title='bbox 1317 1330 1447 1404; x_wconf 82' lang='grc' dir='ltr'><strong><em>νῆα</em></strong></span> <span class='ocrx_word' id='word_1_82' title='bbox 1492 1320 1840 1406; x_wconf 90' lang='grc' dir='ltr'><strong><em>μέλαιναν,</em></strong></span> 
     </span>
     <span class='ocr_line' id='line_1_13' title="bbox 279 1420 1970 1517; baseline 0.001 -27"><span class='ocrx_word' id='word_1_83' title='bbox 279 1420 356 1508; x_wconf 81' lang='grc' dir='ltr'><strong><em>ἦε</em></strong></span> <span class='ocrx_word' id='word_1_84' title='bbox 404 1423 572 1491; x_wconf 78' lang='grc' dir='ltr'><strong><em>ἑκών</em></strong></span> <span class='ocrx_word' id='word_1_85' title='bbox 619 1427 691 1492; x_wconf 82' lang='grc' dir='ltr'><strong><em>οί</em></strong></span> <span class='ocrx_word' id='word_1_86' title='bbox 731 1427 974 1510; x_wconf 89' lang='grc' dir='ltr'><strong><em>δῶκας,</em></strong></span> <span class='ocrx_word' id='word_1_87' title='bbox 1021 1425 1161 1492; x_wconf 80' lang='grc' dir='ltr'><strong><em>ἐπεὶ</em></strong></span> <span class='ocrx_word' id='word_1_88' title='bbox 1205 1428 1662 1513; x_wconf 82' lang='grc' dir='ltr'><strong><em>προσπτύξατο</em></strong></span> <span class='ocrx_word' id='word_1_89' title='bbox 1708 1428 1970 1517; x_wconf 74' lang='grc' dir='ltr'><strong><em>μύθω.“</em></strong></span> 
     </span>
    </p>

    <p class='ocr_par' dir='ltr' id='par_1_5' title="bbox 216 1530 2299 2473">
     <span class='ocr_line' id='line_1_14' title="bbox 366 1530 2033 1619; baseline 0.002 -24"><span class='ocrx_word' id='word_1_90' title='bbox 366 1532 486 1596; x_wconf 91' lang='grc' dir='ltr'><strong><em>τὸν</em></strong></span> <span class='ocrx_word' id='word_1_91' title='bbox 532 1530 592 1597; x_wconf 91' lang='grc' dir='ltr'><strong><em>δ’</em></strong></span> <span class='ocrx_word' id='word_1_92' title='bbox 642 1533 789 1610; x_wconf 80' lang='grc' dir='ltr'><strong><em>υίὸς</em></strong></span> <span class='ocrx_word' id='word_1_93' title='bbox 839 1535 1159 1619; x_wconf 89' lang='grc' dir='ltr'><strong><em>Φρονίοιο</em></strong></span> <span class='ocrx_word' id='word_1_94' title='bbox 1206 1535 1505 1618; x_wconf 83' lang='grc' dir='ltr'><strong><em>Νοήμων</em></strong></span> <span class='ocrx_word' id='word_1_95' title='bbox 1550 1534 1781 1600; x_wconf 89' lang='grc' dir='ltr'><strong><em>ἀντίον</em></strong></span> <span class='ocrx_word' id='word_1_96' title='bbox 1824 1534 2033 1618; x_wconf 82' lang='grc' dir='ltr'><strong><em>ηὔδα·</em></strong></span> 
     </span>
     <span class='ocr_line' id='line_1_15' title="bbox 282 1635 2065 1725; baseline 0.001 -23"><span class='ocrx_word' id='word_1_97' title='bbox 282 1636 524 1719; x_wconf 85' lang='grc' dir='ltr'><strong><em>,,αὐτὸς</em></strong></span> <span class='ocrx_word' id='word_1_98' title='bbox 570 1635 737 1703; x_wconf 82' lang='grc' dir='ltr'><strong><em>ἑκών</em></strong></span> <span class='ocrx_word' id='word_1_99' title='bbox 783 1638 855 1704; x_wconf 78' lang='grc' dir='ltr'><strong><em>οί</em></strong></span> <span class='ocrx_word' id='word_1_100' title='bbox 894 1640 1100 1704; x_wconf 87' lang='grc' dir='ltr'><strong><em>δῶκα·</em></strong></span> <span class='ocrx_word' id='word_1_101' title='bbox 1161 1641 1233 1703; x_wconf 84' lang='grc' dir='ltr'><strong><em>τί</em></strong></span> <span class='ocrx_word' id='word_1_102' title='bbox 1268 1662 1387 1704; x_wconf 88' lang='grc' dir='ltr'><strong><em>κεν</em></strong></span> <span class='ocrx_word' id='word_1_103' title='bbox 1432 1638 1636 1725; x_wconf 77' lang='grc' dir='ltr'><strong><em>ῥέξειε</em></strong></span> <span class='ocrx_word' id='word_1_104' title='bbox 1681 1637 1791 1705; x_wconf 89' lang='grc' dir='ltr'><strong><em>καὶ</em></strong></span> <span class='ocrx_word' id='word_1_105' title='bbox 1836 1641 2065 1722; x_wconf 77' lang='grc' dir='ltr'><strong><em>ἄλλος,</em></strong></span> 
     </span>
     <span class='ocr_line' id='line_1_16' title="bbox 283 1741 2298 1833; baseline 0.001 -25"><span class='ocrx_word' id='word_1_106' title='bbox 283 1741 512 1808; x_wconf 83' lang='grc' dir='ltr'><strong><em>ὁππότ’</em></strong></span> <span class='ocrx_word' id='word_1_107' title='bbox 564 1742 733 1830; x_wconf 87' lang='grc' dir='ltr'><strong><em>ἀνὴρ</em></strong></span> <span class='ocrx_word' id='word_1_108' title='bbox 779 1754 1078 1821; x_wconf 85' lang='grc' dir='ltr'><strong><em>τοιοῦτος</em></strong></span> <span class='ocrx_word' id='word_1_109' title='bbox 1124 1747 1293 1828; x_wconf 82' lang='grc' dir='ltr'><strong><em>ἔχων</em></strong></span> <span class='ocrx_word' id='word_1_110' title='bbox 1338 1745 1750 1829; x_wconf 78' lang='grc' dir='ltr'><strong><em>μελεδήματα</em></strong></span> <span class='ocrx_word' id='word_1_111' title='bbox 1795 1750 1994 1833; x_wconf 76' lang='grc' dir='ltr'><strong><em>θυμῷ</em></strong></span> <span class='ocrx_word' id='word_1_112' title='bbox 2195 1761 2298 1810; x_wconf 74' lang='lat'><strong><em>650</em></strong></span> 
     </span>
     <span class='ocr_line' id='line_1_17' title="bbox 283 1850 1845 1934; baseline 0.001 -21"><span class='ocrx_word' id='word_1_113' title='bbox 283 1850 520 1933; x_wconf 81' lang='grc' dir='ltr'><strong><em>αἰτίζῃ;</em></strong></span> <span class='ocrx_word' id='word_1_114' title='bbox 568 1853 855 1933; x_wconf 82' lang='grc' dir='ltr'><strong><em>χαλεπόν</em></strong></span> <span class='ocrx_word' id='word_1_115' title='bbox 899 1874 1016 1916; x_wconf 88' lang='grc' dir='ltr'><strong><em>κεν</em></strong></span> <span class='ocrx_word' id='word_1_116' title='bbox 1060 1850 1440 1934; x_wconf 79' lang='grc' dir='ltr'><strong><em>ἀνήνασθαι</em></strong></span> <span class='ocrx_word' id='word_1_117' title='bbox 1486 1852 1680 1917; x_wconf 90' lang='grc' dir='ltr'><strong><em>δόσιν</em></strong></span> <span class='ocrx_word' id='word_1_118' title='bbox 1725 1856 1845 1933; x_wconf 75' lang='grc' dir='ltr'><strong><em>εἴη.</em></strong></span> 
     </span>
     <span class='ocr_line' id='line_1_18' title="bbox 283 1949 2182 2043; baseline 0.001 -22"><span class='ocrx_word' id='word_1_119' title='bbox 283 1964 516 2039; x_wconf 86' lang='grc' dir='ltr'><strong><em>κοῦροι</em></strong></span> <span class='ocrx_word' id='word_1_120' title='bbox 562 1953 652 2039; x_wconf 91' lang='grc' dir='ltr'><strong><em>δ’,</em></strong></span> <span class='ocrx_word' id='word_1_121' title='bbox 698 1959 771 2022; x_wconf 81' lang='grc' dir='ltr'><strong><em>οἳ</em></strong></span> <span class='ocrx_word' id='word_1_122' title='bbox 806 1957 970 2022; x_wconf 81' lang='grc' dir='ltr'><strong><em>κατὰ</em></strong></span> <span class='ocrx_word' id='word_1_123' title='bbox 1018 1957 1231 2041; x_wconf 81' lang='grc' dir='ltr'><strong><em>δῆμον</em></strong></span> <span class='ocrx_word' id='word_1_124' title='bbox 1277 1949 1701 2043; x_wconf 81' lang='grc' dir='ltr'><strong><em>ἀριστεύουσι</em></strong></span> <span class='ocrx_word' id='word_1_125' title='bbox 1744 1955 1897 2041; x_wconf 85' lang='grc' dir='ltr'><strong><em>μεθ’</em></strong></span> <span class='ocrx_word' id='word_1_126' title='bbox 1949 1954 2182 2041; x_wconf 78' lang='grc' dir='ltr'><strong><em>ἡμέας,</em></strong></span> 
     </span>
     <span class='ocr_line' id='line_1_19' title="bbox 286 2060 2061 2155; baseline 0.001 -29"><span class='ocrx_word' id='word_1_127' title='bbox 286 2062 357 2126; x_wconf 82' lang='grc' dir='ltr'><strong><em>οἵ</em></strong></span> <span class='ocrx_word' id='word_1_128' title='bbox 397 2062 468 2127; x_wconf 76' lang='grc' dir='ltr'><strong><em>οἰ</em></strong></span> <span class='ocrx_word' id='word_1_129' title='bbox 507 2060 760 2128; x_wconf 79' lang='grc' dir='ltr'><strong><em>ἕποντ’·</em></strong></span> <span class='ocrx_word' id='word_1_130' title='bbox 823 2062 897 2128; x_wconf 79' lang='grc' dir='ltr'><strong><em>ἐν</em></strong></span> <span class='ocrx_word' id='word_1_131' title='bbox 943 2060 1005 2127; x_wconf 90' lang='grc' dir='ltr'><strong><em>δ’</em></strong></span> <span class='ocrx_word' id='word_1_132' title='bbox 1059 2061 1264 2155; x_wconf 85' lang='grc' dir='ltr'><strong><em>ἀρχὸν</em></strong></span> <span class='ocrx_word' id='word_1_133' title='bbox 1309 2061 1438 2146; x_wconf 78' lang='grc' dir='ltr'><strong><em>ἐγὼ</em></strong></span> <span class='ocrx_word' id='word_1_134' title='bbox 1484 2066 1803 2146; x_wconf 90' lang='grc' dir='ltr'><strong><em>βαίνοντα</em></strong></span> <span class='ocrx_word' id='word_1_135' title='bbox 1847 2065 2061 2146; x_wconf 87' lang='grc' dir='ltr'><strong><em>νόησα</em></strong></span> 
     </span>
     <span class='ocr_line' id='line_1_20' title="bbox 284 2165 1989 2257; baseline 0.001 -25"><span class='ocrx_word' id='word_1_136' title='bbox 284 2165 601 2254; x_wconf 87' lang='grc' dir='ltr'><strong><em>Μέντορα</em></strong></span> <span class='ocrx_word' id='word_1_137' title='bbox 644 2165 719 2251; x_wconf 76' lang='grc' dir='ltr'><strong><em>ἠὲ</em></strong></span> <span class='ocrx_word' id='word_1_138' title='bbox 762 2171 961 2252; x_wconf 88' lang='grc' dir='ltr'><strong><em>θεόν,</em></strong></span> <span class='ocrx_word' id='word_1_139' title='bbox 1004 2178 1096 2256; x_wconf 80' lang='grc' dir='ltr'><strong><em>τῷ</em></strong></span> <span class='ocrx_word' id='word_1_140' title='bbox 1145 2166 1206 2233; x_wconf 89' lang='grc' dir='ltr'><strong><em>δ’</em></strong></span> <span class='ocrx_word' id='word_1_141' title='bbox 1260 2168 1437 2257; x_wconf 71' lang='grc' dir='ltr'><strong><em>αὐτῷ</em></strong></span> <span class='ocrx_word' id='word_1_142' title='bbox 1483 2170 1697 2234; x_wconf 88' lang='grc' dir='ltr'><strong><em>πάντα</em></strong></span> <span class='ocrx_word' id='word_1_143' title='bbox 1744 2166 1989 2257; x_wconf 74' lang='grc' dir='ltr'><strong><em>ἐῴκειν.</em></strong></span> 
     </span>
     <span class='ocr_line' id='line_1_21' title="bbox 287 2272 2299 2360; baseline 0 -23"><span class='ocrx_word' id='word_1_144' title='bbox 287 2272 454 2338; x_wconf 82' lang='grc' dir='ltr'><strong><em>ἀλλὰ</em></strong></span> <span class='ocrx_word' id='word_1_145' title='bbox 497 2275 572 2339; x_wconf 91' lang='grc' dir='ltr'><strong><em>τὸ</em></strong></span> <span class='ocrx_word' id='word_1_146' title='bbox 616 2274 962 2359; x_wconf 76' lang='grc' dir='ltr'><strong><em>θαυμάζω·</em></strong></span> <span class='ocrx_word' id='word_1_147' title='bbox 1028 2274 1178 2339; x_wconf 75' lang='grc' dir='ltr'><strong><em>ἴδον</em></strong></span> <span class='ocrx_word' id='word_1_148' title='bbox 1222 2272 1468 2339; x_wconf 76' lang='grc' dir='ltr'><strong><em>ἐνθάδε</em></strong></span> <span class='ocrx_word' id='word_1_149' title='bbox 1512 2273 1829 2360; x_wconf 90' lang='grc' dir='ltr'><strong><em>Μέντορα</em></strong></span> <span class='ocrx_word' id='word_1_150' title='bbox 1875 2275 2025 2338; x_wconf 80' lang='grc' dir='ltr'><strong><em>δῖον</em></strong></span> <span class='ocrx_word' id='word_1_151' title='bbox 2198 2289 2299 2339; x_wconf 76' lang='lat'><strong><em>655</em></strong></span> 
     </span>
     <span class='ocr_line' id='line_1_22' title="bbox 216 2378 1973 2473; baseline -0.001 -28"><span class='ocrx_word' id='word_1_152' title='bbox 216 2468 219 2473; x_wconf 85' lang='lat'><em>.</em></span> <span class='ocrx_word' id='word_1_153' title='bbox 285 2381 518 2463; x_wconf 79' lang='grc' dir='ltr'><strong><em>χθιζὸν</em></strong></span> <span class='ocrx_word' id='word_1_154' title='bbox 562 2379 877 2465; x_wconf 83' lang='grc' dir='ltr'><strong><em>ὑπηοῖον,</em></strong></span> <span class='ocrx_word' id='word_1_155' title='bbox 923 2382 1069 2445; x_wconf 91' lang='grc' dir='ltr'><strong><em>τότε</em></strong></span> <span class='ocrx_word' id='word_1_156' title='bbox 1116 2378 1178 2444; x_wconf 89' lang='grc' dir='ltr'><strong><em>δ’</em></strong></span> <span class='ocrx_word' id='word_1_157' title='bbox 1229 2382 1394 2464; x_wconf 82' lang='grc' dir='ltr'><strong><em>ἔμβη</em></strong></span> <span class='ocrx_word' id='word_1_158' title='bbox 1440 2378 1553 2465; x_wconf 87' lang='grc' dir='ltr'><strong><em>νηὶ</em></strong></span> <span class='ocrx_word' id='word_1_159' title='bbox 1601 2380 1973 2446; x_wconf 86' lang='grc' dir='ltr'><strong><em>Πύλονδε.“</em></strong></span> 
     </span>
    </p>

    <p class='ocr_par' dir='ltr' id='par_1_6' title="bbox 286 2479 2301 3629">
     <span class='ocr_line' id='line_1_23' title="bbox 376 2479 2098 2571; baseline 0 -22"><span class='ocrx_word' id='word_1_160' title='bbox 376 2479 465 2561; x_wconf 74' lang='grc' dir='ltr'><strong><em>ὥς</em></strong></span> <span class='ocrx_word' id='word_1_161' title='bbox 510 2486 638 2570; x_wconf 77' lang='grc' dir='ltr'><strong><em>ἄρα</em></strong></span> <span class='ocrx_word' id='word_1_162' title='bbox 683 2488 997 2570; x_wconf 78' lang='grc' dir='ltr'><strong><em>φωνήσας</em></strong></span> <span class='ocrx_word' id='word_1_163' title='bbox 1041 2483 1250 2569; x_wconf 86' lang='grc' dir='ltr'><strong><em>ἀπέβη</em></strong></span> <span class='ocrx_word' id='word_1_164' title='bbox 1296 2486 1463 2571; x_wconf 90' lang='grc' dir='ltr'><strong><em>πρὸς</em></strong></span> <span class='ocrx_word' id='word_1_165' title='bbox 1509 2486 1778 2570; x_wconf 79' lang='grc' dir='ltr'><strong><em>δώματα</em></strong></span> <span class='ocrx_word' id='word_1_166' title='bbox 1823 2487 2098 2570; x_wconf 90' lang='grc' dir='ltr'><strong><em>πατρός,</em></strong></span> 
     </span>
     <span class='ocr_line' id='line_1_24' title="bbox 286 2588 2109 2676; baseline 0.001 -22"><span class='ocrx_word' id='word_1_167' title='bbox 286 2600 503 2655; x_wconf 81' lang='grc' dir='ltr'><strong><em>τοῖσιν</em></strong></span> <span class='ocrx_word' id='word_1_168' title='bbox 548 2588 610 2654; x_wconf 89' lang='grc' dir='ltr'><strong><em>δ’</em></strong></span> <span class='ocrx_word' id='word_1_169' title='bbox 663 2589 1136 2676; x_wconf 88' lang='grc' dir='ltr'><strong><em>ἀμφοτέροισιν</em></strong></span> <span class='ocrx_word' id='word_1_170' title='bbox 1182 2590 1516 2673; x_wconf 78' lang='grc' dir='ltr'><strong><em>ἀγάσσατο</em></strong></span> <span class='ocrx_word' id='word_1_171' title='bbox 1561 2592 1780 2675; x_wconf 80' lang='grc' dir='ltr'><strong><em>θυμὸς</em></strong></span> <span class='ocrx_word' id='word_1_172' title='bbox 1825 2590 2109 2675; x_wconf 88' lang='grc' dir='ltr'><strong><em>ἀγήνωρ.</em></strong></span> 
     </span>
     <span class='ocr_line' id='line_1_25' title="bbox 288 2692 2185 2782; baseline 0 -22"><span class='ocrx_word' id='word_1_173' title='bbox 288 2704 663 2782; x_wconf 81' lang='grc' dir='ltr'><strong><em>μνηστῆρας</em></strong></span> <span class='ocrx_word' id='word_1_174' title='bbox 709 2694 770 2761; x_wconf 91' lang='grc' dir='ltr'><strong><em>δ’</em></strong></span> <span class='ocrx_word' id='word_1_175' title='bbox 822 2697 1062 2781; x_wconf 79' lang='grc' dir='ltr'><strong><em>ἄμυδις</em></strong></span> <span class='ocrx_word' id='word_1_176' title='bbox 1104 2696 1397 2761; x_wconf 79' lang='grc' dir='ltr'><strong><em>κάθισαν</em></strong></span> <span class='ocrx_word' id='word_1_177' title='bbox 1438 2694 1550 2762; x_wconf 88' lang='grc' dir='ltr'><strong><em>καὶ</em></strong></span> <span class='ocrx_word' id='word_1_178' title='bbox 1594 2705 1858 2763; x_wconf 86' lang='grc' dir='ltr'><strong><em>παῦσαν</em></strong></span> <span class='ocrx_word' id='word_1_179' title='bbox 1904 2692 2185 2761; x_wconf 81' lang='grc' dir='ltr'><strong><em>ἀέθλων.</em></strong></span> 
     </span>
     <span class='ocr_line' id='line_1_26' title="bbox 287 2798 2300 2886; baseline 0.001 -20"><span class='ocrx_word' id='word_1_180' title='bbox 287 2812 504 2867; x_wconf 81' lang='grc' dir='ltr'><strong><em>τοῖσιν</em></strong></span> <span class='ocrx_word' id='word_1_181' title='bbox 550 2799 610 2865; x_wconf 94' lang='grc' dir='ltr'><strong><em>δ’</em></strong></span> <span class='ocrx_word' id='word_1_182' title='bbox 656 2798 991 2879; x_wconf 87' lang='grc' dir='ltr'><strong><em>Ἀντίνοος</em></strong></span> <span class='ocrx_word' id='word_1_183' title='bbox 1034 2799 1280 2886; x_wconf 87' lang='grc' dir='ltr'><strong><em>μετέφη</em></strong></span> <span class='ocrx_word' id='word_1_184' title='bbox 1319 2799 1704 2878; x_wconf 83' lang='grc' dir='ltr'><strong><em>Ἐυπείθεος</em></strong></span> <span class='ocrx_word' id='word_1_185' title='bbox 1747 2801 1923 2884; x_wconf 73' lang='grc' dir='ltr'><strong><em>υἱός,</em></strong></span> <span class='ocrx_word' id='word_1_186' title='bbox 2197 2820 2300 2869; x_wconf 77' lang='lat'><strong><em>660</em></strong></span> 
     </span>
     <span class='ocr_line' id='line_1_27' title="bbox 291 2903 2135 2992; baseline 0 -20"><span class='ocrx_word' id='word_1_187' title='bbox 291 2907 709 2992; x_wconf 86' lang='grc' dir='ltr'><strong><em>[ἀχνύμενος·</em></strong></span> <span class='ocrx_word' id='word_1_188' title='bbox 773 2905 1003 2992; x_wconf 88' lang='grc' dir='ltr'><strong><em>μένεος</em></strong></span> <span class='ocrx_word' id='word_1_189' title='bbox 1047 2903 1122 2972; x_wconf 70' lang='grc' dir='ltr'><strong><em>δὲ</em></strong></span> <span class='ocrx_word' id='word_1_190' title='bbox 1166 2904 1331 2991; x_wconf 89' lang='grc' dir='ltr'><strong><em>μέγα</em></strong></span> <span class='ocrx_word' id='word_1_191' title='bbox 1377 2905 1616 2992; x_wconf 89' lang='grc' dir='ltr'><strong><em>φρένες</em></strong></span> <span class='ocrx_word' id='word_1_192' title='bbox 1659 2906 2135 2992; x_wconf 85' lang='grc' dir='ltr'><strong><em>ἀμφιμέλαιναι</em></strong></span> 
     </span>
     <span class='ocr_line' id='line_1_28' title="bbox 288 3009 2125 3099; baseline -0.001 -21"><span class='ocrx_word' id='word_1_193' title='bbox 288 3009 670 3098; x_wconf 89' lang='grc' dir='ltr'><strong><em>πίμπλαντ’,</em></strong></span> <span class='ocrx_word' id='word_1_194' title='bbox 715 3014 870 3078; x_wconf 80' lang='grc' dir='ltr'><strong><em>ὄσσε</em></strong></span> <span class='ocrx_word' id='word_1_195' title='bbox 917 3010 997 3078; x_wconf 89' lang='grc' dir='ltr'><strong><em>δέ</em></strong></span> <span class='ocrx_word' id='word_1_196' title='bbox 1037 3012 1108 3078; x_wconf 69' lang='lat' dir='ltr'><strong><em>ol</em></strong></span> <span class='ocrx_word' id='word_1_197' title='bbox 1144 3009 1307 3099; x_wconf 90' lang='grc' dir='ltr'><strong><em>πυρὶ</em></strong></span> <span class='ocrx_word' id='word_1_198' title='bbox 1352 3015 1801 3097; x_wconf 88' lang='grc' dir='ltr'><strong><em>λαμπετόωντι</em></strong></span> <span class='ocrx_word' id='word_1_199' title='bbox 1847 3011 2125 3096; x_wconf 79' lang='grc' dir='ltr'><strong><em>ἐίκτην]·</em></strong></span> 
     </span>
     <span class='ocr_line' id='line_1_29' title="bbox 290 3112 2033 3205; baseline -0.001 -21"><span class='ocrx_word' id='word_1_200' title='bbox 290 3119 390 3203; x_wconf 64' lang='lat' dir='ltr'><strong><em>„cb</em></strong></span> <span class='ocrx_word' id='word_1_201' title='bbox 434 3120 666 3202; x_wconf 90' lang='grc' dir='ltr'><strong><em>πόποι,</em></strong></span> <span class='ocrx_word' id='word_1_202' title='bbox 711 3112 751 3201; x_wconf 82' lang='grc' dir='ltr'><em>ἦ</em></span> <span class='ocrx_word' id='word_1_203' title='bbox 798 3116 965 3203; x_wconf 93' lang='grc' dir='ltr'><strong><em>μέγα</em></strong></span> <span class='ocrx_word' id='word_1_204' title='bbox 1010 3120 1209 3205; x_wconf 81' lang='grc' dir='ltr'><strong><em>ἔργον</em></strong></span> <span class='ocrx_word' id='word_1_205' title='bbox 1252 3117 1677 3203; x_wconf 85' lang='grc' dir='ltr'><strong><em>ὑπερφιάλως</em></strong></span> <span class='ocrx_word' id='word_1_206' title='bbox 1721 3116 2033 3202; x_wconf 72' lang='grc' dir='ltr'><strong><em>ἐτελέσθη</em></strong></span> 
     </span>
     <span class='ocr_line' id='line_1_30' title="bbox 298 3221 2092 3313; baseline -0.001 -22"><span class='ocrx_word' id='word_1_207' title='bbox 298 3225 652 3313; x_wconf 73' lang='grc' dir='ltr'><strong><em>Τηλεμάχῳ</em></strong></span> <span class='ocrx_word' id='word_1_208' title='bbox 699 3223 854 3300; x_wconf 86' lang='grc' dir='ltr'><strong><em>ὁδὸς</em></strong></span> <span class='ocrx_word' id='word_1_209' title='bbox 896 3223 1044 3306; x_wconf 77' lang='grc' dir='ltr'><strong><em>ἥδε·</em></strong></span> <span class='ocrx_word' id='word_1_210' title='bbox 1108 3223 1328 3308; x_wconf 87' lang='grc' dir='ltr'><strong><em>φάμεν</em></strong></span> <span class='ocrx_word' id='word_1_211' title='bbox 1374 3221 1453 3288; x_wconf 87' lang='grc' dir='ltr'><strong><em>δέ</em></strong></span> <span class='ocrx_word' id='word_1_212' title='bbox 1493 3223 1565 3289; x_wconf 74' lang='grc' dir='ltr'><strong><em>οἱ</em></strong></span> <span class='ocrx_word' id='word_1_213' title='bbox 1604 3223 1687 3289; x_wconf 85' lang='grc' dir='ltr'><strong><em>οὐ</em></strong></span> <span class='ocrx_word' id='word_1_214' title='bbox 1730 3221 2092 3289; x_wconf 86' lang='grc' dir='ltr'><strong><em>τελέεσθαι.</em></strong></span> 
     </span>
     <span class='ocr_line' id='line_1_31' title="bbox 291 3327 2301 3414; baseline -0.001 -17"><span class='ocrx_word' id='word_1_215' title='bbox 291 3329 364 3397; x_wconf 75' lang='grc' dir='ltr'><strong><em>ἐκ</em></strong></span> <span class='ocrx_word' id='word_1_216' title='bbox 394 3328 731 3396; x_wconf 76' lang='grc' dir='ltr'><strong><em>τοσσῶνδ’</em></strong></span> <span class='ocrx_word' id='word_1_217' title='bbox 785 3328 1007 3414; x_wconf 85' lang='grc' dir='ltr'><strong><em>ἀέκητι</em></strong></span> <span class='ocrx_word' id='word_1_218' title='bbox 1049 3327 1201 3406; x_wconf 89' lang='grc' dir='ltr'><strong><em>νέος</em></strong></span> <span class='ocrx_word' id='word_1_219' title='bbox 1248 3329 1403 3406; x_wconf 86' lang='grc' dir='ltr'><strong><em>πάις</em></strong></span> <span class='ocrx_word' id='word_1_220' title='bbox 1450 3335 1697 3413; x_wconf 82' lang='grc' dir='ltr'><strong><em>οἴχεται</em></strong></span> <span class='ocrx_word' id='word_1_221' title='bbox 1742 3329 1956 3406; x_wconf 79' lang='grc' dir='ltr'><strong><em>αὕτως</em></strong></span> <span class='ocrx_word' id='word_1_222' title='bbox 2198 3344 2301 3396; x_wconf 71' lang='lat'><strong><em>665</em></strong></span> 
     </span>
     <span class='ocr_line' id='line_1_32' title="bbox 289 3430 2096 3523; baseline -0.001 -22"><span class='ocrx_word' id='word_1_223' title='bbox 289 3445 418 3521; x_wconf 82' lang='grc' dir='ltr'><strong><em>νῆα</em></strong></span> <span class='ocrx_word' id='word_1_224' title='bbox 464 3434 910 3523; x_wconf 77' lang='grc' dir='ltr'><strong><em>ἐρυσσάμενος</em></strong></span> <span class='ocrx_word' id='word_1_225' title='bbox 951 3437 1182 3520; x_wconf 90' lang='grc' dir='ltr'><strong><em>κρίνας</em></strong></span> <span class='ocrx_word' id='word_1_226' title='bbox 1224 3430 1283 3497; x_wconf 90' lang='grc' dir='ltr'><strong><em>τ’</em></strong></span> <span class='ocrx_word' id='word_1_227' title='bbox 1337 3432 1464 3498; x_wconf 84' lang='grc' dir='ltr'><strong><em>ἀνά</em></strong></span> <span class='ocrx_word' id='word_1_228' title='bbox 1511 3434 1725 3519; x_wconf 85' lang='grc' dir='ltr'><strong><em>δῆμον</em></strong></span> <span class='ocrx_word' id='word_1_229' title='bbox 1769 3434 2096 3520; x_wconf 90' lang='grc' dir='ltr'><strong><em>ἀρίστους.</em></strong></span> 
     </span>
     <span class='ocr_line' id='line_1_33' title="bbox 289 3539 2124 3629; baseline -0.002 -21"><span class='ocrx_word' id='word_1_230' title='bbox 289 3541 472 3629; x_wconf 78' lang='grc' dir='ltr'><strong><em>ἄρξει</em></strong></span> <span class='ocrx_word' id='word_1_231' title='bbox 514 3539 626 3607; x_wconf 87' lang='grc' dir='ltr'><strong><em>καὶ</em></strong></span> <span class='ocrx_word' id='word_1_232' title='bbox 668 3540 964 3627; x_wconf 86' lang='grc' dir='ltr'><strong><em>προτέρω</em></strong></span> <span class='ocrx_word' id='word_1_233' title='bbox 1009 3539 1213 3604; x_wconf 86' lang='grc' dir='ltr'><strong><em>κακὸν</em></strong></span> <span class='ocrx_word' id='word_1_234' title='bbox 1258 3539 1556 3623; x_wconf 81' lang='grc' dir='ltr'><strong><em>ἔμμεναι·</em></strong></span> <span class='ocrx_word' id='word_1_235' title='bbox 1626 3539 1791 3606; x_wconf 91' lang='grc' dir='ltr'><strong><em>ἀλλά</em></strong></span> <span class='ocrx_word' id='word_1_236' title='bbox 1837 3540 1909 3605; x_wconf 84' lang='grc' dir='ltr'><strong><em>οί</em></strong></span> <span class='ocrx_word' id='word_1_237' title='bbox 1947 3539 2124 3626; x_wconf 71' lang='grc' dir='ltr'><strong><em>αὐτῷ</em></strong></span> 
     </span>
    </p>

    <p class='ocr_par' dir='ltr' id='par_1_7' title="bbox 1807 3640 1880 3697">
     <span class='ocr_line' id='line_1_34' title="bbox 1807 3640 1880 3697; baseline 0 -22"><span class='ocrx_word' id='word_1_238' title='bbox 1807 3640 1880 3697; x_wconf 57' lang='grc'><strong><em>51</em></strong></span> 
     </span>
    </p>
   </div>
  </div>
 </body>
</html>
