2646 3932
1085 175 1485 231 SUMMARIA.
2125 172 2281 226 XVII

1211 337 1349 402 XV.

411 432 828 492 Telemachum
863 432 1292 493 Lacedaemoni
1327 432 1690 491 desidentem
1723 431 1784 490 in
1824 429 2046 490 somnis
2079 432 2282 488 monet

274 520 566 597 Minerva,
631 520 873 580 domum
934 524 1007 579 ut
1067 520 1296 599 redeat,
1363 539 1601 598 quaque
1664 519 1765 580 via
1825 537 2141 595 procorum
2193 516 2281 574 in-

274 608 456 667 sidias
510 609 664 669 vitet
717 600 781 689 (1
799 641 860 648 —
879 601 1013 691 43).
1103 610 1264 688 Ergo
1328 609 1379 667 is
1442 607 1634 685 primo
1687 627 1861 667 mane
1921 626 1958 666 a
2009 605 2280 665 Menelao

272 697 610 756 revertendi
653 696 889 757 veniam
933 697 1104 774 petit,
1149 700 1334 774 atque
1380 697 1639 773 acceptis
1676 696 1750 755 ab
1785 696 1917 772 ipso
1956 697 2018 755 et
2052 693 2127 753 ab
2163 692 2280 752 He·

272 787 410 845 lena
454 785 800 845 muneribus
847 789 1279 862 conspectaque
1327 786 1425 846 avi
1470 785 1728 845 secunda
1780 804 1918 844 cum
1962 782 2278 842 Pisistrato

270 874 473 952 pergit
533 874 610 957 ad
681 893 895 933 navem
954 874 1018 933 in
1080 877 1260 950 portu
1323 874 1498 951 Pylio
1561 873 1831 933 relictam
1896 866 2009 952 (44
2027 863 2277 952 -181).

272 962 480 1021 Pheris
506 963 728 1021 iterum
763 962 1059 1022 deversati
1095 963 1284 1023 altero
1321 962 1416 1022 die
1444 962 1662 1039 Pylum
1697 960 2077 1038 perveniunt:
2121 959 2279 1018 unde

272 1051 661 1113 Telemachus
720 1050 1038 1111 Pisistrato
1102 1051 1178 1110 ad
1242 1053 1477 1127 patrem
1536 1050 1781 1111 remisso
1846 1052 1908 1109 et
1971 1050 2277 1124 assumpto

273 1140 723 1218 TheoclymenO,
768 1141 906 1199 vate
941 1139 1185 1219 Argivo,
1231 1143 1366 1199 tum
1410 1140 1484 1200 ob
1530 1141 1768 1199 caedem
1805 1139 1994 1215 exule,
2030 1156 2278 1214 propere

270 1228 453 1289 solvit
505 1247 575 1287 ac
628 1230 802 1287 tutus
860 1228 1034 1289 devia
1085 1228 1470 1307 navigatione
1523 1229 1587 1287 in
1640 1228 1901 1305 patriam
1964 1225 2281 1286 advehitur

271 1309 699 1399 (182—300).
787 1316 992 1377 Ulixes
1049 1317 1278 1376 interea
1331 1336 1469 1377 cum
1520 1317 1787 1376 Eumaeo
1843 1334 2023 1391 super
2074 1333 2281 1373 cenam

270 1405 520 1465 consilia
564 1405 793 1465 confert
830 1405 901 1465 de
936 1406 1301 1482 profectione
1339 1406 1402 1464 in
1447 1406 1681 1481 urbem3
1728 1404 1909 1463 simul
1953 1404 2025 1463 de
2069 1422 2279 1479 paren-

269 1493 433 1553 tibus
480 1493 603 1552 suis
650 1493 990 1553 sciscitatur
1034 1498 1095 1553 et
1140 1494 1211 1553 de
1256 1494 1452 1571 priore
1498 1495 1744 1554 fortuna
1789 1493 1977 1569 ipsius
2032 1483 2275 1573 (301-

274 1574 458 1664 388):
515 1582 622 1659 qui
673 1582 906 1642 natales
961 1601 1099 1643 suos
1153 1586 1395 1641 enarrat
1449 1585 1631 1659 atque
1685 1585 1758 1640 ut
1812 1581 2009 1639 infans
2056 1580 2200 1641 olim
2245 1599 2282 1639 a

271 1669 667 1730 Phoenicibus
721 1689 793 1729 ex
844 1670 1044 1730 insula
1099 1671 1273 1748 Syria
1328 1674 1540 1747 raptus
1594 1673 1657 1730 et
1699 1670 1952 1729 Laertae
2002 1669 2282 1729 venditus

271 1759 352 1817 sit
398 1749 826 1840 (389—495).
906 1759 1038 1819 Iam
1083 1760 1401 1836 appulsam
1435 1778 1650 1819 navem
1686 1776 1859 1817 suam
1894 1757 2281 1817 Telemachus

270 1848 349 1907 ad
400 1847 611 1906 urbem
661 1846 879 1926 mittit,
935 1847 1437 1924 Theoclymenum
1492 1846 1730 1907 cuidam
1785 1846 2081 1907 sociorum
2125 1866 2281 1906 com-

270 1936 538 2014 mendat,
584 1935 711 2012 ipse
766 1937 971 1996 autem
1016 1936 1245 1997 diverso
1291 1936 1505 1996 itinere
1552 1935 1629 1996 ad
1672 1935 2008 1995 Eumaeum
2051 1933 2280 2011 profici-

271 2025 459 2085 scitur
501 2019 928 2107 (496—557).

1192 2178 1366 2244 XVI.

403 2290 613 2349 Redux
657 2290 732 2349 ab
777 2290 990 2349 itinere
1037 2289 1425 2349 Telemachus
1469 2291 1636 2352 venit
1678 2291 1742 2350 in
1786 2308 1988 2349 casam
2031 2288 2285 2347 Eumaei

273 2370 568 2459 (1—41).
659 2378 753 2437 Ibi
804 2378 1067 2454 primum
1120 2397 1257 2438 cum
1318 2382 1490 2455 patre
1555 2380 1749 2439 adhuc
1811 2378 1968 2438 senis
2029 2377 2285 2437 mendici

271 2484 585 2542 personam
637 2468 877 2544 gerente
932 2467 1265 2527 collocutus
1320 2471 1383 2526 et
1436 2468 1820 2528 domesticam
1877 2466 2284 2526 calamitatem

272 2557 633 2632 conquestus
678 2555 1013 2614 Eumaeum
1059 2555 1287 2615 reditus
1334 2556 1431 2615 sui
1473 2556 1757 2615 nuntium
1801 2555 1994 2615 mittit
2039 2554 2116 2613 ad
2158 2574 2283 2614 ma-

271 2647 426 2703 trem
480 2636 676 2725 <42—
603 2635 861 2723 —153)
951 2643 1049 2703 Ita
1101 2643 1213 2703 soli
1267 2662 1405 2703 cum
1460 2648 1626 2722 sunt,
1682 2644 1985 2703 Minervae
2039 2642 2281 2703 numine

272 2732 504 2791 iuvenis
564 2731 834 2792 redditus
887 2731 1090 2791 Ulixes
1145 2751 1181 2790 a
1234 2731 1359 2791 filio
1413 2736 1586 2809 pater
1640 2732 1983 2810 agnoscitur
2036 2725 2277 2813 (154—

276 2811 461 2901 239);
507 2839 645 2880 mox
688 2839 827 2879 cum
872 2841 939 2881 eo
987 2819 1057 2880 de
1103 2821 1279 2880 caede
1325 2839 1642 2896 procorum
1677 2821 1967 2880 deliberat
2002 2823 2080 2898 et,
2128 2839 2281 2897 quae

273 2909 545 2984 deinceps
591 2909 751 2969 domi
796 2909 1028 2987 agenda
1073 2909 1223 2986 sint,
1270 2909 1622 2984 praescribit
1668 2901 2282 3010 (240—3‘321).In-

273 2997 449 3059 terim
520 2997 741 3074 aliquis
805 2997 1101 3058 sociorum
1165 2997 1503 3057 Telemachi
1576 3017 1648 3057 ex
1709 2998 1852 3057 navi
1914 2998 1977 3055 in
2038 3001 2283 3073 portum

272 3085 436 3145 urbis
480 3085 716 3147 invecta
766 3086 945 3145 simul
998 3105 1135 3145 cum
1178 3086 1446 3146 Eumaeo
1500 3085 1744 3144 nuntiat
1788 3085 2119 3162 Penelopae
2166 3088 2281 3145 sal—

272 3193 416 3235 vum
456 3174 769 3235 revertisse
813 3173 1005 3233 filium
1040 3166 1282 3255 (322-
1293 3167 1468 3254 341).
1540 3174 1665 3233 Nec
1709 3175 1902 3234 multo
1947 3176 2086 3251 post
2127 3174 2282 3234 redit

272 3263 442 3324 navis
503 3262 904 3340 speculatoria
964 3282 1304 3339 procorum,
1371 3263 1477 3339 qui
1538 3262 1724 3322 irritis
1786 3262 2017 3322 insidiis
2080 3263 2283 3323 dolent

273 3352 511 3429 iamque
573 3352 637 3411 in
700 3352 974 3413 contione
1038 3352 1108 3410 de
1154 3352 1506 3412 Telemacho
1566 3351 1881 3412 occidendo
1935 3370 2091 3411 nova
2145 3370 2282 3411 con-

273 3441 409 3500 silia
468 3441 680 3499 ineunt
743 3432 1168 3521 (342—408).
1260 3438 1491 3510 Quibus
1554 3440 1632 3499 ad
1685 3458 1746 3499 se
1798 3439 2047 3515 perlatis
2098 3438 2280 3498 Pene-

273 3529 457 3605 Iope
441 3550 505 3587 ιιι
539 3529 805 3589 virorum
838 3532 1195 3589 conventum
1232 3528 1509 3606 degressa
1553 3548 1621 3588 eo
1667 3527 1905 3588 nomine
1948 3526 2275 3585 Antinoum

377 3638 578 3678 Honnu
606 3637 823 3679 Onusta
895 3639 926 3677 1.
1926 3626 1961 3678 b
