2646 3932
1004 203 1425 255 οΔΤΣΣΕΙΑΣ
1462 203 1506 257 L
2174 200 2255 264 13

238 342 476 419 παιδὸς
519 342 648 429 γὰρ
693 349 920 428 μῦθον
963 342 1387 429 πεπνυμένον
1432 347 1667 410 ἔνθετο
1711 351 1927 433 θυμῷ.

239 446 307 524 ἐς
355 445 418 513 δ’
469 446 714 537 ὑπερῷ’
768 449 1068 534 ἀναβᾶσα
1113 453 1243 516 σὺν
1288 449 1724 535 ἀμφιπόλοισι
1765 449 2070 535 γυναιξὶν

239 557 467 618 κλαῖεν
512 552 710 620 ἔπειτ’
758 552 1042 639 Ὀδυσῆα
1087 559 1292 641 φίλον
1335 558 1567 639 πόσιν,
1615 558 1793 642 ὄφρα
1839 558 1911 622 οἰ
1948 557 2167 623 ὕπνον

238 657 414 741 ἡδὺν
461 658 567 725 ἐπὶ
611 662 1006 748 βλεφάροισι
1050 662 1210 745 βάλε
1256 666 1636 745 γλαυκῶπις
1675 659 1944 747 Ἀθήνη.

239 774 607 853 μνηστῆρες
652 765 715 832 δ’
768 768 1113 853 ὁμάδησαν
1158 767 1285 833 ἀνὰ
1331 766 1583 855 μέγαρα
1627 771 1961 852 σκιόεντα,
2159 785 2263 836 366

238 872 478 950 πάντες
524 870 586 938 δ’
639 873 971 959 ἠρήσαντο
1017 871 1221 959 παραὶ
1269 873 1563 959 λεχέεσσι
1610 879 1942 957 κλιθῆναι.

237 988 412 1043 τοῖσι
459 974 533 1044 δὲ
587 978 962 1064 Τηλέμαχος
1007 979 1422 1064 πεπνυμένος
1466 980 1702 1065 ἤρχετο
1748 982 2015 1064 μύθων·

239 1087 528 1170 ,,μητρὸς
575 1084 732 1169 ἐμῆς
776 1094 1143 1171 μνηστῆρες
1186 1085 1509 1173 ὑπέρβιον
1553 1086 1755 1173 ὕβριν
1800 1090 2091 1171 ἔχοντες,

235 1201 368 1257 νῦν
411 1188 533 1276 μὲν
579 1192 968 1276 δαινύμενοι
1010 1192 1434 1278 τερπώμεθα,
1478 1189 1645 1277 μηδὲ
1688 1195 1933 1277 βοητὺς

238 1301 434 1380 ἔστω,
481 1295 622 1364 ἐπεὶ
664 1299 817 1363 τόδε
863 1298 1068 1364 καλὸν
1115 1295 1439 1382 ἀκουέμεν
1483 1296 1666 1364 ἐστὶν
1712 1298 1949 1365 ἀοιδοῦ
2157 1315 2262 1365 370

237 1401 528 1487 τοιοῦδ’,
576 1395 717 1481 οἷος
762 1402 863 1470 ’ὅδ’
917 1403 1087 1487 ἐστί,
1129 1410 1321 1481 θεοῖς
1367 1403 1736 1488 ἐναλίγκιος
1782 1406 2013 1490 αὐδήν.

238 1511 465 1595 ἠῶθεν
512 1507 576 1575 δ’
630 1508 957 1595 ἀγορήνδε
1003 1510 1480 1594 καθεζώμεσθα
1522 1513 1779 1588 κιόντες

238 1618 508 1699 πάντες,
554 1611 643 1680 ἵν’
695 1615 857 1700 ὕμιν
901 1621 1128 1700 μῦθον
1175 1615 1552 1700 ἀπηλεγέως
1597 1617 1888 1683 ἀποείπω

241 1721 510 1805 [ἐξιέναι
554 1721 888 1808 μεγάρων·
935 1722 1138 1798 ἄλλας
1184 1719 1247 1786 δ’
1301 1721 1651 1806 ἀλεγύνετε
1700 1725 1927 1800 δαῖτας

237 1830 374 1914 ὑμὰ
416 1825 685 1913 κτήματ’
739 1828 1003 1905 ἔδοντες
1048 1827 1472 1912 ἀμειβόμενοι
1516 1831 1681 1896 κατὰ
1726 1835 1967 1905 οἴκους.
2156 1846 2261 1894 375

238 1938 302 2002 εἰ
344 1932 406 2001 δ’
459 1934 620 2020 ὕμιν
666 1932 881 2001 δοκέει
924 1934 1077 2001 τόδε
1124 1937 1441 2021 λωίτερον
1485 1932 1596 2001 καὶ
1642 1937 1916 2020 ἄμεινον

239 2046 541 2127 ἔμμεναι,
589 2040 833 2125 ἀνδρὸς
878 2039 1027 2117 ἑνὸς
1069 2043 1299 2124 βίοτον
1343 2043 1672 2123 νήποινον
1718 2040 2023 2123 ὀλέσθαι,

236 2145 470 2234 κείρετ’
488 2167 503 2182 ·
551 2145 676 2229 ἐγὼ
725 2142 797 2212 δὲ
842 2148 1048 2224 θεοὺς
1091 2146 1499 2231 ἐπιβώσομαι
1545 2143 1691 2213 αἰὲν
1736 2147 1993 2230 ἐόντας,

237 2262 315 2320 αἴ
349 2252 430 2319 κέ
468 2258 637 2318 ποθι
684 2255 851 2328 Ζεὺς
896 2253 1063 2340 δῷσι
1106 2255 1454 2318 παλίντιτα
1499 2255 1660 2340 ἔργα
1703 2251 2047 2336 γενέσθαι·

236 2362 556 2446 νήποινοί
593 2382 708 2424 κεν
753 2361 974 2423 ἔπειτα
1019 2360 1244 2442 δόμων
1289 2361 1612 2424 ἔντοσθεν
1658 2359 2026 2443 ὄλοισθε.“]
2154 2379 2258 2428 380

328 2463 418 2545 ὧς
462 2462 693 2551 ἔφαθ’,
739 2464 812 2531 οἱ
851 2462 912 2530 δ’
966 2465 1094 2550 ἄρα
1137 2465 1377 2541 πάντες
1418 2462 1578 2542 ὀδὰξ
1625 2462 1699 2530 ἐν
1734 2466 1978 2547 χείλεσι
2015 2467 2259 2551 φύντες

247 2573 630 2658 Τηλέμαχον
673 2571 1047 2654 θαύμαζον,
1095 2569 1132 2635 ὃ
1178 2568 1569 2657 θαρσαλέως
1616 2569 1956 2656 ἀγόρευεν.

234 2682 355 2746 τὸν
400 2676 461 2745 δ’
513 2673 658 2743 αὖτ’
704 2674 1038 2753 Ἀντίνοος
1081 2675 1416 2762 προσέφη,
1457 2671 1839 2752 Ἐωτείθεος
1881 2677 2055 2755 υίός·

237 2781 638 2871 ,,Τηλέμαχ’,
692 2777 734 2867 ἦ
780 2783 955 2868 μάλα
1000 2783 1085 2866 δή
1132 2798 1204 2847 σε
1251 2782 1686 2848 διδάσκουσιν
1728 2780 1882 2848 θεοὶ
1927 2783 2118 2851 αὐτοὶ

235 2893 584 2977 ὑψαγόρην
628 2887 685 2954 τ’
737 2891 964 2973 ἔμεναι
1007 2885 1118 2953 καὶ
1161 2885 1553 2973 θαρσαλέως
1598 2887 1973 2973 ἀγορεύειν·
2154 2909 2256 2960 385

235 3000 324 3083 μὴ
372 2996 452 3063 σέ
489 2994 552 3080 γ’
606 2995 680 3063 ἐν
726 2995 1034 3084 ἀμφιάλῳ
1075 2992 1301 3079 Ἰθάκῃ
1347 2996 1633 3078 βασιλῆα
1677 2996 1990 3080 Κρονίων

234 3108 602 3188 ποιήσειεν,
649 3102 686 3166 ὅ
730 3124 835 3167 τοι
878 3109 1075 3187 γενεῇ
1119 3100 1455 3184 πατρώιόν
1500 3098 1746 3164 ἐστιν.“

322 3210 442 3275 τὸν
487 3206 549 3274 δ’
602 3202 688 3273 αὖ
742 3206 1118 3292 Τηλέμαχος
1160 3204 1577 3291 πεπνυμένος
1621 3204 1852 3271 ἀντίον
1895 3208 2102 3291 ηὔδα·

236 3312 583 3401 ,,Ἀντίνο’,
628 3309 669 3397 ἦ
715 3317 832 3379 καί
871 3336 984 3398 μοι
1027 3315 1447 3397 νεμεσήσεαι,
1495 3311 1633 3377 ὅττι
1677 3334 1793 3377 κεν
1837 3317 2027 3392 εῐπως

232 3427 351 3490 καί
385 3446 501 3487 κεν
545 3418 722 3487 τοῦτ’
776 3418 1074 3502 ἐθέλοιμι
1117 3420 1284 3495 Διός
1329 3441 1404 3501 γε
1450 3417 1755 3494 διδόντος
1800 3415 2099 3503 ἀρέσθαι.
2147 3434 2251 3485 390

232 3525 273 3613 ἦ
321 3528 454 3615 φῂς
497 3536 692 3594 τοῦτο
736 3527 1048 3593 κάκιστον
1092 3525 1166 3591 ἐν
1211 3524 1632 3609 ἀνθρώποισι
1672 3523 2012 3607 τετύχθαι;
