2646 3932
324 192 412 256 20
1072 195 1490 247 οΔΤΣΣΕιΑΣ
1525 197 1587 249 Β.

322 334 508 421 ἡμεῖς
564 333 627 402 δ’
691 334 830 402 οὔτ’
884 334 992 402 ἐπὶ
1038 340 1198 422 ἔργα
1242 337 1453 422 πάρος
1496 333 1559 420 γ’
1612 342 1760 421 ἴμεν
1807 336 1960 402 οὔτε
2004 358 2096 421 πῃ
2142 337 2341 421 ἄλλη,

322 444 483 526 πρίν
528 439 592 525 γ’
643 442 854 525 αὐτὴν
896 445 1236 527 γήμασθαι
1276 440 1554 526 Ἀχαιῶν
1598 433 1651 530 ᾧ
1696 439 1757 507 κ’
1810 439 2185 527 έθέλῃσιν.“

409 548 530 613 τὸν
575 545 637 612 δ’
689 542 776 612 αὖ
831 547 1205 633 Τηλέμαχος
1248 546 1663 632 πεπνυμένος
1708 546 1938 614 ἀντίον
1981 548 2183 632 ηὔδα·

324 650 667 735 ,,Ἀντίνο’,
715 654 798 718 οὔ
841 675 980 732 πως
1024 658 1162 721 ἔστι
1211 655 1435 738 δόμων
1483 651 1812 720 ἀέκουσαν
1857 652 2146 736 ἀπῶσαι,
2241 670 2344 718 130

321 758 363 841 ἥ
409 755 476 842 μ’
530 756 720 842 ἔτεχ’,
764 759 807 841 ἥ
853 757 921 843 μ’
974 762 1246 846 ἔθρεψε·
1288 760 1504 846 πατὴρ
1544 757 1610 825 δ’
1654 758 1809 844 ἐμὸς
1855 761 2096 825 ἄλλοθι
2130 761 2343 843 γαίης,

324 863 469 941 ζώει
504 863 542 930 ὅ
586 861 650 947 γ’
701 860 742 948 ἦ
788 863 1097 949 τέθνηκε·
1142 868 1349 933 κακὸν
1394 864 1473 932 δέ
1513 889 1592 949 με
1628 863 1820 931 πόλλ’
1873 865 2211 931 ἀποτίνειν

333 967 618 1059 Ἰκαρίῳ,
665 976 743 1035 αἰ
777 968 838 1036 κ’
892 971 1090 1049 αὐτὸς
1134 970 1303 1037 ἑκὼν
1350 971 1478 1037 ἀπὸ
1525 969 1770 1057 μητέρα
1814 969 2066 1056 πέμψω.

322 1073 394 1140 ἐκ
437 1076 564 1161 γὰρ
609 1085 729 1141 τοῦ
773 1077 1018 1163 πατρὸς
1062 1078 1230 1144 κακὰ
1273 1080 1613 1161 πείσομαι,
1662 1079 1829 1142 ἄλλα
1875 1074 1948 1143 δὲ
1997 1078 2252 1161 δαίμων

323 1181 551 1265 δώσει,
597 1180 738 1248 ἐπεὶ
783 1184 995 1268 μήτηρ
1040 1184 1363 1268 στυγερὰς
1406 1180 1667 1268 ἀρήσετ’
1721 1182 1945 1268 ἐρινῦς
2241 1200 2340 1247 135

322 1292 512 1353 οἴκου
557 1286 994 1374 ἀπερχομένη·
1037 1287 1298 1372 νέμεσις
1344 1285 1423 1353 δέ
1460 1310 1575 1373 μοι
1619 1287 1686 1368 ἐξ
1732 1288 2112 1374 ἀνθρώπων

321 1395 605 1458 ἔσσεται·
650 1389 740 1472 ὧς
784 1394 868 1460 οὐ
910 1403 1152 1460 τοῦτον
1196 1393 1323 1477 ἐγώ
1370 1415 1528 1460 ποτε
1573 1400 1799 1478 μῦθον
1845 1394 2068 1471 ένίψω.

322 1498 632 1584 ὑμέτερος
677 1497 738 1565 δ’
790 1502 856 1566 εἰ
894 1496 1017 1584 μὲν
1059 1500 1279 1584 θυμὸς
1322 1503 1720 1584 νεμεσίζεται
1770 1500 2021 1584 αὐτῶν,

322 1602 490 1684 ἔξιτέ
529 1628 641 1688 μοι
687 1606 1022 1691 μεγάρων,
1068 1607 1270 1682 ἄλλας
1314 1603 1378 1672 δ’
1432 1605 1780 1689 ἀλεγύνετε
1828 1606 2055 1684 δαῖτας

323 1710 455 1794 ὑμὰ
498 1709 766 1795 κτήματ’
819 1712 1081 1789 ἔδοντες
1126 1711 1548 1797 ἀμειβόμενοι
1591 1713 1756 1777 κατὰ
1803 1718 2044 1790 οἴκους.
2237 1731 2338 1778 140

320 1817 385 1881 εἰ
425 1813 488 1881 δ’
538 1816 700 1900 ὕμιν
744 1815 960 1884 δοκέει
1003 1819 1156 1884 τόδε
1201 1820 1519 1903 λωίτερον
1562 1815 1673 1883 καὶ
1719 1818 1992 1902 ἄμεινον

320 1924 620 2007 ἔμμεναι,
668 1921 911 2010 ἀνδρὸς
956 1921 1103 2002 ἑνὸς
1145 1926 1375 2008 βίοτον
1420 1926 1744 2008 νήποινον
1790 1922 2096 2008 ὀλέσθαι,

318 2026 551 2114 κείρετ’
570 2048 587 2065 ·
632 2027 759 2112 ἐγὼ
807 2026 881 2096 δὲ
925 2033 1132 2107 θεοὺς
1174 2029 1581 2115 ἐπιβώσομαι
1626 2026 1769 2095 αἰὲν
1817 2029 2073 2114 ἐόντας,

320 2141 397 2200 αἴ
431 2133 510 2200 κέ
548 2141 715 2201 ποθι
763 2138 930 2213 Ζεὺς
976 2137 1142 2225 δῷσι
1186 2139 1533 2201 παλίντιτα
1577 2139 1735 2221 ἔργα
1781 2135 2122 2219 γενέσθαι·

317 2244 634 2324 νήποινοί
671 2265 787 2308 κεν
832 2245 1053 2307 ἔπειτα
1100 2242 1323 2326 δόμων
1370 2244 1691 2308 ἔντοσθεν
1736 2244 2073 2308 ὄλοισθε.“
2235 2260 2334 2308 145

493 2343 582 2426 ὥς
626 2349 799 2434 φάτο
853 2345 1257 2432 Τηλέμαχος,
1302 2355 1394 2436 τῷ
1442 2345 1504 2413 δ’
1556 2349 1748 2414 αἰετὼ
1795 2348 2094 2433 εὐρύοπα
2143 2353 2309 2427 Ζεὺς

316 2452 577 2531 ὑψόθεν
622 2453 693 2520 ἐκ
735 2463 1036 2540 κορυφῆς
1081 2454 1270 2538 ὄρεος
1313 2451 1594 2538 προέηκε
1639 2453 1973 2520 πέτεσθαι.

314 2560 404 2624 τὼ
452 2557 515 2625 δ’
569 2559 691 2637 ἕως
735 2557 858 2644 μέν
903 2557 966 2644 ῤ’
1019 2557 1327 2625 ἐπέτοντο
1374 2560 1536 2644 μετὰ
1578 2568 1815 2647 πνοιῇς
1861 2559 2129 2645 ἀνέμοιο

314 2669 567 2749 πλησίω
614 2666 957 2750 ἀλλήλοισι
1001 2663 1432 2749 τιταινομένω
1475 2667 1937 2752 πτερύγεσσιν·

314 2770 456 2844 ἀλλ’
509 2771 614 2838 ὅτε
663 2772 745 2855 δὴ
793 2770 1044 2856 μέσσην
1089 2770 1344 2856 ἀγορὴν
1387 2771 1785 2856 πολύφημον
1831 2771 2138 2857 ἱκέσθην,
2231 2792 2332 2839 150

313 2875 458 2944 ἔνθ’
512 2875 972 2960 ἐπιδινηθέντε
1017 2876 1429 2960 τιναξάσθην
1472 2877 1677 2962 πτερὰ
1720 2879 1967 2961 πυκνά,

312 2983 378 3060 ἐς
424 2981 485 3049 δ’
539 2981 764 3066 ἰδέτην
809 2984 1077 3049 πάντων
1121 2983 1450 3068 κεφαλάς,
1498 2983 1780 3049 ὄσσοντο
1828 2981 1890 3048 δ’
1943 2985 2259 3070 ὄλεθρον·

314 3087 710 3175 δρυψαμένω
758 3086 822 3154 δ’
875 3089 1186 3173 ὀνύχεσσι
1232 3089 1505 3174 παρειὰς
1550 3087 1727 3173 ἀμφί
1763 3112 1834 3154 τε
1881 3090 2103 3175 δειρὰς

313 3195 502 3275 δεξιὼ
546 3196 739 3278 ἤιξαν
786 3195 897 3260 διά
940 3193 999 3260 τ’
1052 3197 1228 3261 οἰκία
1271 3191 1384 3261 καὶ
1426 3197 1623 3260 πόλιν
1667 3194 1905 3261 αὐτῶν.

310 3302 669 3386 θάμβησαν
714 3298 776 3367 δ’
829 3302 1141 3386 ὄρνιθας,
1188 3299 1330 3367 ἐπεὶ
1376 3302 1526 3367 ἴδον
1572 3299 2055 3386 ὀφθαλμοῖσιν·
2228 3317 2329 3367 155

311 3409 626 3492 ὥρμηναν
672 3406 733 3474 δ’
787 3408 915 3474 ἀνὰ
959 3410 1216 3493 θυμόν,
1262 3408 1305 3473 ἅ
1349 3429 1472 3493 περ
1518 3405 1860 3474 τελέεσθαι
1904 3411 2194 3493 ἔμελλον.

308 3526 481 3579 τοῖσι
528 3511 600 3580 δὲ
646 3514 756 3580 καὶ
804 3513 1095 3599 μετέειπε
1140 3512 1357 3600 γέρων
1400 3514 1577 3600 ἥρως
1611 3510 2001 3600 Ἁλιθέρσης
