2646 3932
408 184 539 250 190
1139 188 1558 241 οΔΤΣΣΕΙΑΣ
1592 189 1665 243 Μ.

1011 422 1662 501 ΟΔΎΣΣΕΙΑΣ
1714 427 1813 504 Μ.

402 693 869 784 Σειρῆνες,
900 684 1297 775 Σκύλλα,
1327 686 1836 782 Χάρυβδις,
1866 689 2440 784 βόες“Ηλίου,

487 856 695 942 αὐτὰρ
742 853 883 922 ἐπεὶ
926 868 1248 941 ποταμοῖο
1296 859 1485 922 λίπεν
1532 859 1694 943 ῥόον
1732 856 2072 927 Ὠκεανοῖο

397 971 594 1046 νηῦς,
643 962 770 1028 ἀπὸ
818 955 880 1028 δ’
929 962 1105 1028 ἵκετο
1151 971 1326 1047 κῦμα
1369 964 1714 1047 θαλάσσης
1759 964 2158 1053 εὐρυπόροιο

397 1070 608 1152 νῆσόν
650 1063 712 1133 τ’
762 1070 1040 1152 Αἰαίην,
1088 1069 1206 1135 ὅθι
1248 1062 1308 1133 τ’
1353 1065 1554 1146 Ἠοῦς
1597 1069 1968 1155 ἠριγενείης

399 1177 574 1240 οἰκία
617 1171 728 1240 καὶ
771 1176 967 1259 χοροί
1007 1176 1136 1240 εἰσι
1179 1172 1290 1239 καὶ
1337 1172 1609 1241 ἀντολαὶ
1647 1170 1966 1261 Ἠελίοιο,

397 1289 526 1363 νῆα
571 1276 694 1364 μὲν
738 1274 885 1345 ἔνθ’
937 1278 1247 1358 ἐλθόντες
1292 1279 1646 1365 ἐκέλσαμεν
1690 1280 1764 1346 ἐν
1807 1285 2254 1367 ψαμάθοισιν,
2398 1305 2435 1352 5

397 1385 470 1451 ἐκ
515 1382 589 1451 δὲ
632 1383 743 1451 καὶ
790 1383 978 1451 αὐτοὶ
1024 1387 1234 1471 βῆμεν
1280 1384 1386 1451 ἐπὶ
1432 1387 1702 1471 ῥηγμῖνι
1744 1389 2117 1474 θαλάσσης·

398 1494 566 1557 ἔνθα
613 1489 673 1557 δ’
727 1490 1198 1577 ἀποβρίξαντες
1242 1490 1590 1575 ἐμείναμεν
1629 1490 1763 1557 Ἠῶ
1811 1494 1980 1560 δῖαν.

397 1594 563 1683 ἦμος
609 1593 675 1663 δ’
725 1595 1060 1681 ἠριγένεια
1104 1598 1285 1682 φάνη
1334 1597 1825 1684 ῥοδοδάκτυλος
1864 1594 2062 1682 Ἠώς,

402 1705 484 1787 δὴ
532 1700 665 1768 τότ’
719 1702 892 1786 ἐγὼν
937 1701 1209 1790 ἑτάρους
1256 1705 1516 1789 προΐειν
1561 1702 1627 1780 ἐς
1673 1704 1940 1789 δώματα
1991 1709 2236 1791 Κίρκης

399 1808 733 1894 οἰσέμεναι
776 1812 1045 1894 νεκρόν,
1086 1804 1453 1892 Ἐλπήνορα
1496 1816 1857 1893 τεθνηῶτα.
2356 1831 2428 1881 10

397 1918 676 2002 φιτροὺς
713 1912 774 1981 δ’
818 1911 982 1995 αἶψα
1017 1918 1354 2001 ταμόντες,
1393 1909 1504 1982 ὅθ’
1547 1914 1871 2001 ἀκροτάτη
1908 1916 2132 2002 πρόεχ’
2177 1917 2377 2004 ἀκτή,

395 2024 739 2106 θάπτομεν
785 2021 1144 2106 ἀχνύμενοι
1186 2023 1485 2106 θαλερὸν
1528 2023 1692 2086 κατὰ
1739 2023 1951 2108 δάκρυ
1996 2022 2272 2106 χέοντες.

396 2128 604 2214 αὐτὰρ
651 2125 790 2193 ἐπεὶ
834 2130 1066 2213 νεκρός
1108 2151 1179 2194 τε
1223 2130 1349 2212 κάη
1394 2125 1504 2193 καὶ
1549 2128 1780 2213 τεύχεα
1825 2138 2097 2214 νεκροῦ,

395 2235 648 2318 τύμβον
692 2234 1001 2318 χεύαντες
1044 2231 1155 2300 καὶ
1199 2231 1306 2300 ἐπὶ
1353 2236 1601 2318 στήλην
1647 2232 2000 2320 ἐρύσαντες

395 2339 687 2424 πήξαμεν
733 2339 1068 2428 ἀκροτάτῳ
1112 2338 1339 2426 τύμβῳ
1387 2336 1617 2424 ἐυῆρες
1662 2337 1951 2424 ἐρετμόν.
2353 2360 2421 2409 15

483 2443 670 2528 ἡμεῖς
712 2440 835 2528 μὲν
879 2446 959 2510 τὰ
1004 2444 1241 2511 ἕκαστα
1288 2444 1655 2527 διείπομεν·
1701 2443 1848 2510 οὐδ’
1903 2447 2030 2528 ἄρα
2077 2450 2338 2531 Κίρκην

397 2548 463 2628 ἐξ
508 2545 732 2616 Ἀίδεω
782 2550 1092 2627 ἐλθόντες
1137 2549 1498 2634 ἐλήθομεν,
1544 2548 1711 2615 ἀλλὰ
1755 2545 1908 2634 μάλ’
1960 2546 2097 2616 ὦκα

394 2652 549 2740 ἦλθ’
603 2655 1037 2741 ἐντυναμένη·
1083 2657 1216 2740 ἅμα
1262 2651 1323 2721 δ’
1375 2655 1741 2740 ἀμφίπολοι
1786 2655 2013 2741 φέρον.
2043 2659 2209 2744 αὐτῇ

395 2773 582 2829 σῖτον
627 2761 736 2828 καὶ
780 2761 939 2848 κρέα
984 2763 1194 2828 πολλὰ
1239 2759 1350 2827 καὶ
1398 2767 1650 2828 αἴθοπα
1696 2757 1887 2828 οἶνον
1932 2762 2244 2849 ἐρυθρόν.

391 2868 433 2951 ἡ
482 2867 543 2934 δ’
596 2867 670 2934 ἐν
715 2867 933 2957 μέσσῳ
981 2878 1189 2934 στᾶσα
1233 2867 1527 2952 μετηύδα
1574 2869 1684 2933 δῖα
1727 2867 1982 2944 θεάων·
2351 2888 2421 2938 20

394 2973 731 3059 ,σχέτλιοι,
778 2977 849 3039 οἳ
891 2974 1164 3052 ζώοντες
1208 2972 1541 3056 ὑπήλθετε
1588 2969 1752 3059 δῶμ’
1801 2969 2062 3058 Ἀίδαο,

395 3079 773 3162 δισθανέες,
821 3081 928 3147 ὅτε
972 3077 1030 3144 τ’
1084 3080 1274 3144 ἄλλοι
1319 3078 1489 3158 ἅπαξ
1535 3073 1908 3162 θνήσκουσ’
1960 3081 2327 3166 ἅνθρωποι.

394 3183 538 3251 ἀλλ’
591 3183 767 3267 ἄγετ’
820 3184 1076 3250 ἐσθίετε
1121 3185 1397 3268 βρώμην
1441 3182 1551 3249 καὶ
1598 3186 1817 3249 πίνετε
1865 3179 2054 3251 οἶνον

395 3285 558 3356 αὖθι
603 3289 1025 3376 πανημέριοι·
1071 3290 1205 3374 ἅμα
1252 3287 1314 3354 δ’
1366 3289 1483 3372 ἠοῖ
1523 3288 2020 3374 φαινομένηφιν

395 3390 775 3462 πλεύσεσθ’·
822 3396 1031 3482 αὐτὰρ
1081 3395 1208 3478 ἐγὼ
1257 3395 1449 3474 δείξω
1496 3394 1659 3461 ὁδὸν
1704 3392 1823 3477 ἠδὲ
1868 3394 2106 3461 ἕκαστα
2349 3414 2420 3463 25

397 3500 731 3587 σημανέω,
779 3502 890 3568 ἵνα
937 3505 1025 3586 μή
1071 3526 1134 3567 τι
1180 3503 1597 3586 κακορραφίῃ
1644 3499 1946 3586 ἀλεγεινῇ
