2646 3932
1000 202 1415 253 ΟΔΤΣΣΕῙΑΣ
1452 203 1515 253 V.
2183 199 2265 264 87
2295 224 2299 228 ·

254 352 413 427 νῆχε
460 338 522 409 δ’
575 342 996 427 ἐπειγόμενος
1041 342 1243 410 ποσὶν
1287 343 1567 428 ἠπείρου
1614 342 1936 427 ἐπιβῆναι.

257 446 399 513 ἀλλ’
452 448 559 514 ὅτε
602 451 846 513 τόσσον
892 449 1096 532 ἀπῆν,
1142 450 1350 515 ὅσσον
1393 472 1463 514 τε
1508 447 1755 531 γέγωνε
1801 451 2079 532 βοήσας,
2170 464 2276 514 400

256 552 367 618 καὶ
415 555 497 638 δὴ
546 555 804 618 δοῦπον
849 556 1090 620 ἄκουσε
1136 552 1288 619 ποτὶ
1336 554 1725 626 σπιλάδεσσι
1770 553 2143 635 θαλάσσης·

260 659 493 743 ῥόχθει
541 655 615 724 δὲ
661 657 828 743 μέγα
871 668 1045 745 κῦμα
1091 657 1241 724 ποτὶ
1288 658 1480 744 ξερὸν
1524 659 1824 744 ἠπείροιο

258 766 484 830 δεινὸν
528 764 995 849 ἐρευγόμενον,
1042 770 1263 830 εἴλυτο
1310 762 1385 831 δὲ
1429 759 1636 830 πάνθ’
1689 763 1846 842 ἁλὸς
1892 766 2087 849 ἄχνῃ·

259 871 341 936 οὐ
385 871 512 956 γὰρ
558 873 718 936 ἔσαν
764 869 1022 955 λιμένες
1065 882 1247 955 νηῶν
1293 872 1467 956 ὄχοι,
1515 866 1663 936 οὐδ’
1716 870 2018 954 ἐπιωγαί,

260 972 405 1041 ἀλλ’
459 974 647 1041 ἀκταὶ
693 980 1056 1061 προβλῆτες
1101 979 1260 1042 ἔσαν
1315 978 1628 1053 σπιλάδες
1661 1000 1732 1041 τε
1768 977 1968 1060 πάγοι
2004 994 2102 1040 τε·
2172 990 2275 1039 405

258 1081 368 1147 καὶ
411 1077 546 1148 τότ’
593 1078 950 1165 Ὀδυσσῆος
996 1084 1154 1149 λύτο
1200 1083 1495 1166 γούνατα
1538 1080 1649 1147 καὶ
1694 1086 1898 1166 φίλον
1941 1076 2135 1166 ἦτορ,

262 1188 558 1272 ὀχθήσας
604 1184 668 1253 δ’
721 1189 851 1274 ἄρα
896 1184 1036 1253 εἷπε
1081 1189 1246 1274 πρὸς
1291 1187 1373 1252 ὃν
1417 1189 1831 1272 μεγαλήτορα
1874 1189 2127 1271 θυμόν·

263 1297 358 1375 ,,ὥ
406 1318 549 1378 μοι,
596 1293 736 1359 ἐπεὶ
782 1295 864 1378 δὴ
911 1303 1109 1376 γαῖαν
1154 1292 1396 1359 ἀελπέα
1442 1294 1653 1357 δῶκεν
1701 1291 1965 1358 ἰδέσθαι

266 1402 464 1483 Ζεύς,
511 1399 620 1465 καὶ
667 1401 749 1483 δὴ
796 1402 948 1465 τόδε
995 1404 1232 1484 λαῖτμα
1279 1400 1635 1484 διατμήξας
1681 1397 1994 1484 ἐπέρησα,

263 1509 525 1589 ἔκβασις
572 1508 654 1571 οὔ
697 1528 788 1592 πῃ
833 1501 1105 1590 φαίνεθ’
1157 1505 1313 1582 ἁλὸς
1357 1510 1618 1570 πολιοῖο
1663 1505 1939 1589 θύραζε·
2173 1519 2278 1568 410

263 1615 580 1677 ἔκτοσθεν
626 1609 746 1696 μὲν
789 1614 915 1697 γὰρ
962 1612 1164 1694 πάγοι
1209 1610 1417 1694 ὀξέες,
1465 1607 1635 1694 ἀμφὶ
1682 1606 1755 1675 δὲ
1799 1618 1973 1694 κῦμα

261 1717 584 1804 βέβρυχεν
631 1719 909 1803 ῥόθιον,
956 1718 1150 1801 λισσὴ
1199 1712 1261 1782 δ’
1313 1715 1724 1802 ἀναδέδρομε
1769 1715 2003 1801 πέτρη,

264 1824 634 1908 ἀγχιβαθὴς
679 1820 752 1889 δὲ
796 1825 1135 1906 θάλασσα,
1180 1821 1291 1888 καὶ
1338 1824 1420 1888 οὔ
1465 1843 1604 1899 πως
1649 1824 1786 1887 ἔστι
1830 1823 2148 1887 πόδεσσιν

265 1933 579 2015 στήμεναι
627 1928 1058 2014 ἀμφοτέροισι
1105 1927 1215 1995 καὶ
1261 1928 1609 2013 ἐκφυγέειν
1651 1930 2000 2011 κακότητα·

265 2040 353 2120 μή
398 2038 537 2113 πώς
583 2030 650 2119 μ’
702 2034 1090 2118 ἐκβαίνοντα
1135 2037 1305 2121 βάλῃ
1353 2040 1582 2100 λίθακι
1626 2033 1778 2100 ποτὶ
1822 2033 2025 2118 πέτρῃ
2175 2049 2280 2098 415

265 2151 438 2225 κῦμα
485 2136 627 2226 μέγ’
681 2140 999 2225 ἁρπάξαν·
1057 2139 1250 2224 μελέη
1298 2141 1378 2205 δέ
1418 2164 1531 2224 μοι
1577 2143 1833 2205 ἔσσεται
1879 2139 2066 2222 ὁρμή.

267 2250 331 2313 εἰ
373 2247 452 2313 δέ
490 2242 551 2313 κ’
602 2249 697 2311 ἔτι
742 2244 1037 2330 προτέρω
1084 2246 1571 2329 παρανήξομαι,
1615 2246 1702 2328 ἥν
1745 2267 1878 2311 που
1924 2246 2181 2330 ἐφεύρω

266 2354 496 2436 ἠιόνας
537 2377 606 2418 τε
652 2356 1083 2438 παραπλῆγας
1127 2350 1396 2436 λιμένας
1438 2374 1508 2416 τε
1553 2352 1927 2435 θαλάσσης,

267 2461 497 2542 δείδω,
544 2461 631 2544 μή
677 2452 744 2542 μ’
797 2457 1050 2537 ἐξαῦτις
1096 2457 1523 2543 ἀναρπάξασα
1568 2458 1822 2523 θύελλα

265 2569 514 2631 πόντον
559 2560 659 2630 ἐπ’
715 2567 1070 2648 ἰχθυόεντα
1115 2564 1286 2650 φέρῃ
1332 2562 1537 2650 βαρέα
1584 2565 2014 2648 στενάχοντα,
2178 2581 2280 2631 420

267 2671 347 2756 ἠέ
387 2675 456 2737 τί
495 2696 608 2758 μοι
652 2670 762 2736 καὶ
806 2679 1003 2754 κῆτος
1048 2670 1363 2756 ἐπισσεύῃ
1408 2669 1575 2755 μέγα
1620 2671 1876 2753 δαίμων

268 2780 333 2859 ἐξ
380 2778 565 2861 ἁλός,
614 2771 722 2844 οἶά
767 2801 836 2842 τε
882 2777 1093 2842 πολλὰ
1137 2775 1367 2860 τρέφει
1410 2778 1647 2853 κλυτὸς
1686 2770 2096 2861 Ἀμφιτρίτη·

196 2911 203 2918 ·
269 2882 419 2950 οῖδα
463 2886 622 2970 γάρ,
669 2885 757 2961 ὥς
802 2908 915 2968 μοι
961 2883 1334 2948 ὀδώδυσται
1379 2883 1615 2959 κλυτὸς
1660 2882 2134 2965 ἐννοσίγαιος.“

356 2983 490 3067 εἷος
535 2990 572 3057 ὁ
615 2985 813 3056 ταῦθ’
865 2990 1151 3073 ὥρμαινε
1197 2989 1361 3053 κατὰ
1406 2987 1621 3074 φρένα
1664 2986 1774 3053 καὶ
1818 2990 1981 3053 κατὰ
2025 2991 2281 3073 θυμόν,

269 3099 483 3181 τόφρα
528 3094 608 3161 δέ
647 3120 763 3180 μιν
808 3094 973 3179 μέγα
1017 3104 1192 3178 κῦμα
1226 3092 1387 3179 φέρε
1423 3105 1732 3179 τρηχεῖαν
1768 3088 1868 3159 ἐπ’
1911 3094 2131 3179 ἀκτήν.
2177 3111 2280 3161 425

268 3203 438 3267 ἔνθα
483 3195 544 3266 κ’
597 3201 723 3266 ἀπὸ
771 3202 1000 3286 ῥινοὺς
1048 3200 1357 3283 δρύφθη,
1405 3202 1532 3264 σὺν
1578 3195 1640 3264 δ’
1692 3195 1865 3265 ὀστέ’
1918 3200 2211 3285 ἀράχθη,

270 3309 334 3371 εἰ
376 3308 463 3391 μὴ
511 3305 617 3372 ἐπὶ
662 3305 861 3392 φρεσὶ
905 3312 1072 3388 θῆκε
1117 3306 1277 3386 θεά,
1323 3309 1699 3387 γλαυκῶπις
1740 3300 2015 3389 Ἀθήνη·

270 3410 678 3497 ἀμφοτέρῃσι
723 3408 798 3476 δὲ
841 3409 1068 3496 χερσὶν
1115 3411 1555 3494 ἐπεσσύμενος
1598 3411 1756 3494 λάβε
1802 3409 2069 3495 πέτρης,

269 3528 384 3602 τῆς
427 3520 608 3602 ἔχετο
655 3517 1017 3600 στενάχων,
1065 3517 1214 3593 εἵως
1259 3514 1425 3599 μέγα
1470 3525 1644 3599 κῦμα
1688 3521 2049 3601 παρῆλθεν.
