2646 3932
981 214 1397 266 οΔΤΣΣΕΙΑΣ
1434 216 1530 269 nt.
2138 214 2260 279 131

253 349 342 432 ὥς
388 349 653 442 ἀγόρευ’
705 354 743 423 ὁ
786 354 1031 441 γέρων·
1075 357 1156 421 τὰ
1203 355 1282 423 δέ
1322 380 1439 422 κεν
1484 358 1647 435 θεὸς
1689 356 1731 440 ἢ
1777 356 2098 423 τελέσειεν
2162 374 2268 424 570

251 462 291 543 ἤ
336 458 398 526 κ’
454 456 739 527 ἀτέλεστ’
784 467 916 546 εἴη,
964 462 1053 539 ὥς
1098 462 1169 527 οἱ
1209 465 1413 546 φίλον
1458 465 1687 528 ἔπλετο
1731 468 1947 552 θυμῷ.

252 564 396 633 ἀλλ’
450 568 566 651 ἄγε
615 590 728 652 μοι
773 568 927 632 τόδε
975 563 1114 633 εἰπὲ
1157 565 1270 633 καὶ
1316 566 1636 654 ἀτρεκέως
1679 569 2065 653 κατάλεξον,

251 673 426 759 ὅππῃ
473 672 940 758 ἀπεπλάγχθης
981 696 1051 738 τε
1096 671 1207 739 καὶ
1252 673 1331 750 ἅς
1373 696 1559 750 τινας
1604 674 1743 739 ἵκεο
1789 674 2006 761 χώρας

251 779 662 866 ἀνθρώπων,
709 778 955 857 αὐτούς
998 802 1068 844 τε
1113 780 1349 856 πόλιάς
1390 774 1450 844 τ’
1503 777 1580 845 ἐὺ
1622 781 2053 863 ναιετοώσας,

251 881 415 969 ἠμὲν
459 885 606 952 ὅσοι
649 888 928 970 χαλεποί
964 909 1035 951 τε
1078 883 1189 951 καὶ
1235 887 1456 972 ἄγριοι
1504 881 1662 951 οὐδὲ
1708 886 1984 969 δίκαιοι,
2166 900 2270 951 575

252 991 323 1058 οῗ
359 1014 430 1056 τε
477 990 871 1076 φιλόξεινοι,
915 993 1033 1057 καί
1072 1007 1236 1075 σφιν
1278 993 1437 1068 νόος
1482 988 1621 1056 ἐστὶ
1665 993 1975 1075 θεουδής.

252 1093 391 1162 εἰπὲ
427 1092 517 1181 δ’,
564 1097 666 1163 ὅτι
708 1100 956 1174 κλαίεις
989 1095 1100 1163 καὶ
1146 1097 1418 1182 ὀδύρεαι
1464 1098 1701 1163 ἔνδοθι
1745 1103 1947 1185 θυμῷ

246 1201 559 1288 Ἀργείων
601 1207 896 1269 Δαναῶν
938 1201 1046 1286 ἠδ’
1093 1201 1294 1270 Ἰλίου
1341 1198 1526 1269 οἶτον
1573 1201 1853 1269 ἀκούων.

253 1310 371 1374 τὸν
407 1305 490 1400 ,δὲ
532 1306 686 1374 θεοὶ
730 1306 851 1394 μὲν
894 1308 1160 1392 τεῦξαν,
1207 1307 1661 1375 ἐπεκλώσαντο
1700 1307 1762 1374 δ’
1815 1311 2104 1395 ὄλεθρον
2241 1314 2244 1319 ’

181 1412 185 1418 ’
255 1414 667 1501 ἀνθρώποις,
713 1415 824 1481 ἵνα
868 1406 980 1500 ᾖσι
1024 1412 1136 1481 καὶ
1180 1413 1640 1501 ἐσσομένοισιν
1686 1414 1897 1499 ἀοιδή.
2168 1429 2273 1479 580

254 1515 295 1603 ἦ
341 1523 439 1598 τίς
473 1543 577 1587 τοι
620 1518 731 1586 καὶ
775 1523 942 1606 πηὸς
989 1519 1320 1605 ἀπέφθιτο
1363 1516 1596 1586 Ἰλιόθι
1639 1523 1768 1607 πρὸ

256 1625 496 1704 ἐσθλὸς
540 1626 699 1711 ἐών,
743 1628 1036 1714 γαμβρὸς
1081 1627 1123 1711 ἢ
1168 1629 1523 1714 πενθερός;
1573 1628 1644 1694 οἵ
1682 1650 1752 1693 τε
1797 1629 2079 1712 μάλιστα

255 1734 555 1816 κήδιστοι
597 1732 948 1800 τελέθουσι
994 1730 1146 1818 μεθ’
1199 1725 1359 1817 αἷμά
1402 1756 1474 1798 τε
1516 1730 1629 1798 καὶ
1672 1731 1865 1815 γένος
1909 1733 2146 1798 αὐτῶν.

256 1834 297 1923 ἦ
341 1842 440 1916 τίς
483 1861 615 1904 που
658 1837 770 1905 καὶ
816 1838 1071 1924 ἑταῖρος
1118 1838 1287 1925 ἀνὴρ
1331 1838 1768 1925 κεχαρισμένα
1813 1839 2035 1921 εἰδώς,

259 1941 525 2024 έσθλός;
574 1943 714 2011 ἐπεὶ
752 1945 834 2011 οὐ
879 1944 1002 2030 μέν
1045 1968 1111 2010 τι
1155 1946 1580 2029 κασιγνήτοιο
1626 1948 1900 2032 χερείων
2169 1959 2272 2010 585

259 2052 581 2134 γίγνεται,
627 2051 700 2129 ὅς
733 2075 850 2117 κεν
895 2051 1152 2137 ἑταῖρος
1197 2049 1327 2116 ἐὼν
1371 2050 1753 2135 πεπνυμένα
1798 2052 2006 2137 εἰδῇ.“

878 2472 1541 2548 ΟΔΤΣΣΕΙΑΣ
1607 2476 1664 2551 Ι.

482 2732 878 2808 Ἀλκίνου
929 2732 1382 2828 ἀπόλογοι.
1485 2732 2024 2809 Κυκλώπεια.

350 2905 469 2971 τὸν
505 2902 567 2970 δ’
611 2903 1131 2988 ἀπαμειβόμενος
1166 2903 1468 2989 προσέφη
1505 2905 1867 2987 πολύμητις
1897 2901 2275 2982 Ὀδυσσεύς·

268 3007 594 3093 ,,Ἀλκι’νοε
638 3020 895 3096 κρεῖον,
942 3010 1209 3075 πάντων
1255 3008 1612 3094 ἀριδείκετε
1659 3014 1868 3092 λαῶν,

266 3113 306 3200 ἦ
351 3138 457 3181 τοι
499 3112 621 3201 μὲν
665 3117 816 3181 τόδε
862 3117 1067 3181 καλὸν
1112 3114 1436 3200 ἀκουέμεν
1482 3113 1661 3181 ἐστὶν
1707 3114 1942 3181 ἀοιδοῦ

265 3219 546 3306 τοιοῦδ’,
593 3213 733 3299 οἷος
777 3216 879 3287 ὅδ’
930 3220 1096 3304 ἐστί,
1140 3226 1330 3298 θεοῖς
1375 3219 1743 3304 ἐναλίγκιος
1787 3220 2018 3304 αὐδήν.

268 3329 351 3395 οὐ
395 3329 522 3414 γάρ
569 3328 694 3412 έγώ
739 3327 820 3412 γέ
858 3331 928 3393 τί
967 3352 1135 3413 φημι
1180 3326 1366 3404 τέλος
1410 3325 1834 3413 χαριέστερον
1879 3321 2051 3392 εἶναι
2244 3342 2276 3391 5

267 3435 308 3518 ἢ
354 3432 452 3501 ὅτ’
506 3432 886 3519 ἐυφροσύνη
932 3429 1054 3518 μὲν
1098 3434 1213 3518 ἔχῃ
1255 3434 1421 3499 κάτα
1467 3434 1681 3517 δῆμον
1726 3432 2009 3514 ἅπαντα,

268 3543 658 3625 δαιτυμόνες
703 3538 764 3605 δ’
816 3539 943 3605 ἀνὰ
989 3536 1232 3623 δώματ’
1285 3538 1730 3617 ἀκουάζωνται
1777 3536 2011 3603 ἀοιδοῦ

1368 3676 1381 3687 .
1782 3641 1853 3696 9*
