2646 3932
304 183 389 248 38
1045 184 1465 236 ΟΔΤΣΣΕΙΑΣ
1501 183 1565 236 Γ.

305 323 645 412 [Νέστορ’,
692 323 834 392 ἐπεὶ
877 328 1171 411 περίοιδε
1220 328 1408 403 δίκας
1453 322 1571 409 ἠδὲ
1618 327 1863 410 φρόνιν
1909 325 2155 388 ἄλλων·

305 430 447 517 τρὶς
490 432 617 517 γὰρ
663 433 746 516 δή
793 434 908 516 μίν
953 449 1162 517 φασιν
1208 431 1583 511 ἀνάξασθαι
1625 426 1799 514 γένε’
1852 428 2145 515 ἀνδρῶν·
2220 446 2326 496 246

304 539 393 615 ὥς
435 536 511 604 τέ
550 561 664 623 μοι
708 537 1042 614 ἀθάνατος
1088 538 1464 602 ἰνδάλλεται
1508 537 1991 619 εἰσοράασθαι.]

304 639 354 709 ὦ
401 642 663 729 Νέστορ
710 644 1093 727 Νηληιάδη,
1141 646 1228 708 σὺ
1273 640 1337 708 δ’
1391 639 1638 726 ἀληθὲς
1684 642 1972 720 ἐνίσπες·

300 761 438 827 πῶς
484 746 672 814 ἔθαν’
719 746 1050 832 Ἀτρεΐδης
1094 749 1258 835 εὐρὺ
1301 752 1546 834 κρείων
1583 746 2035 832 Ἀγαμέμνων;

300 864 433 922 ποῦ
477 853 820 937 Μενέλαος
864 857 1017 939 ἔην;
1062 857 1213 921 τίνα
1258 851 1320 920 δ’
1373 853 1551 942 αὐτῷ
1598 851 1831 938 μήσατ’
1884 856 2173 939 ὄλεθρον

302 967 632 1044 Αἴγισθος
677 962 1056 1046 δολόμητις,
1103 958 1243 1026 ἐπεὶ
1286 961 1484 1025 κτάνε
1528 961 1780 1026 πολλὸν
1825 959 2051 1044 ἀρείω;
2219 978 2324 1028 250

299 1062 340 1151 ἦ
388 1067 510 1134 οὐκ
537 1066 810 1153 ’Ἀργεος
853 1062 973 1150 ἦεν
1012 1063 1374 1150 Ἀχαιικοῦ,
1422 1064 1588 1131 ἀλλά
1633 1088 1724 1151 πῃ
1770 1067 1936 1150 ἄλλῃ

300 1171 553 1252 πλάζετ’
605 1170 706 1240 ἐπ’
759 1173 1190 1256 ἀνθρώπους,
1246 1171 1283 1237 ὁ
1331 1168 1403 1237 δὲ
1449 1173 1795 1258 θαρσήσας
1838 1171 2322 1257 κατε’πεφνεν;“

386 1282 505 1345 τὸν
553 1277 613 1345 δ’
667 1277 949 1362 ἠμείβετ’
1004 1281 1228 1344 ἔπειτα
1277 1279 1593 1361 Γερήνιος
1640 1278 1880 1343 ἱππότα
1927 1278 2232 1365 Νέστωρ·

301 1388 574 1471 ,,τοιγάρ
622 1385 748 1468 ἐγώ
794 1408 927 1466 τοι,
974 1381 1238 1465 τέκνον,
1285 1381 1541 1467 ἀληθέα
1585 1379 1776 1448 πάντ’
1830 1382 2190 1469 ἀγορεύσω.

298 1488 339 1575 ἦ
385 1516 488 1558 τοι
533 1488 654 1575 μὲν
699 1493 854 1555 τάδε
900 1489 1138 1567 καύτὸς
1183 1489 1383 1572 ὀίεαι,
1430 1489 1519 1565 ὥς
1562 1509 1686 1575 περ
1733 1487 2007 1575 ἐτύχθη·
2216 1510 2321 1559 255

299 1601 362 1664 εἰ
405 1601 570 1677 ζωόν
614 1594 676 1681 γ’
730 1601 1066 1679 Αἴγισθον
1111 1593 1211 1660 ἐνὶ
1256 1595 1643 1679 μεγάροισιν
1690 1597 1949 1679 ἔτετμεν

293 1700 623 1789 Ἀτρεΐδης
676 1705 1008 1786 Τροίηθεν
1054 1701 1205 1784 ἰών,
1251 1700 1498 1780 ξανθὸς
1542 1699 1913 1778 Μενέλαος·

297 1818 388 1897 τῷ
433 1808 512 1874 κέ
552 1809 624 1874 οί
664 1804 822 1873 οὐδὲ
865 1810 1148 1872 θανόντι
1191 1807 1401 1892 χυτὴν
1447 1803 1551 1871 ἐπὶ
1596 1817 1795 1890 γαῖαν
1840 1808 2103 1893 ἔχευαν,

300 1913 443 1982 ἀλλ’
497 1916 624 2001 ἄρα
667 1917 785 1981 τόν
831 1938 904 1996 γε
948 1914 1142 1991 κύνες
1186 1936 1256 1978 τε
1300 1910 1411 1978 καὶ
1458 1911 1686 1979 οἰωνοὶ
1730 1913 2106 1992 κατέδαψαν

298 2025 601 2106 κείμενον
647 2021 720 2087 ἐν
764 2023 969 2109 πεδίῳ
1016 2020 1166 2097 ἑκὰς
1210 2021 1471 2101 ἄστεος,
1518 2019 1683 2086 οὐδέ
1720 2018 1801 2086 κέ
1837 2023 1939 2098 τίς
1980 2046 2097 2107 μιν
2215 2042 2317 2091 260

298 2133 583 2193 κλαῦσεν
622 2123 1041 2211 Ἀχαιιάδων·
1087 2126 1260 2210 μάλα
1303 2126 1431 2211 γὰρ
1477 2124 1643 2210 μέγα
1686 2129 1939 2211 μήσατο
1986 2131 2199 2212 ἔργον.

298 2232 483 2317 ἡμεῖς
528 2229 649 2317 μὲν
693 2234 820 2316 γὰρ
866 2238 1044 2297 κεῖθι
1090 2231 1331 2309 πολέας
1376 2231 1707 2310 τελέοντες
1751 2232 2039 2312 ἀέθλους

298 2336 530 2422 ἥμεθ’·
574 2337 610 2404 ὁ
658 2336 720 2403 δ’
773 2338 1049 2422 εὔκηλος
1092 2346 1278 2425 μυχῷ
1308 2336 1583 2421 Ἀργεος
1629 2339 2014 2421 ἱπποβότοιο

296 2441 485 2509 πόλλ’
531 2441 1059 2527 Ἀγαμεμνονέην
1103 2444 1347 2528 ἄλοχον
1392 2440 1695 2526 θέλγεσκ’
1749 2443 2065 2511 ἐπέεσσιν.

298 2549 337 2632 ἡ
387 2548 447 2614 δ’
501 2545 541 2633 ἦ
587 2572 690 2615 τοι
733 2550 808 2615 τὸ
856 2547 1014 2634 πρὶν
1050 2545 1173 2634 μὲν
1219 2549 1525 2616 ἀναίνετο
1572 2553 1771 2634 ἔργον
1815 2548 2025 2628 ἀεικὲς
2211 2570 2313 2620 265

299 2657 408 2720 δῖα
460 2659 1035 2742 Κλυταιμνήστρη·
1080 2654 1279 2741 φρεσὶ
1325 2658 1451 2741 γὰρ
1497 2654 1753 2742 κέχρητ’
1808 2656 2170 2742 ἀγαθῇσιν·

296 2762 426 2843 πὰρ
475 2758 537 2826 δ’
590 2757 695 2846 ἄρ’
747 2763 866 2845 ἔην
910 2759 1022 2826 καὶ
1067 2760 1294 2839 ἀοιδὸς
1341 2761 1539 2844 ἀνήρ,
1586 2753 1638 2850 ᾧ
1684 2762 1873 2827 πόλλ’
1928 2762 2265 2831 ἐπέτελλεν

291 2864 622 2950 Ἀτρεΐδης
674 2868 998 2951 Τροίηνδε
1041 2868 1207 2932 κιὼν
1252 2874 1563 2952 εἴρυσθαι
1609 2869 1880 2933 ἄκοιτιν.

297 2969 439 3036 ἀλλ’
492 2971 598 3037 ὅτε
645 2972 729 3055 δή
775 2996 891 3055 μιν
936 2984 1134 3058 μοῖρα
1178 2979 1361 3039 θεῶν
1408 2972 1681 3057 ἐπέδησε
1730 2976 2046 3058 δαμῆναι,

296 3077 378 3160 δὴ
426 3079 571 3143 τότε
615 3078 734 3143 τὸν
780 3074 902 3161 μὲν
949 3078 1181 3145 ἀοιδὸν
1226 3081 1410 3163 ἄγων
1454 3079 1523 3156 ἐς
1565 3089 1776 3163 νῆσον
1822 3080 2074 3165 ἐρήμην
2208 3098 2313 3148 270

294 3183 611 3248 κάλλιπεν
656 3185 999 3249 οἰωνοῖσιν
1045 3185 1214 3270 ἕλωρ
1259 3184 1370 3251 καὶ
1415 3186 1633 3271 κύρμα
1677 3184 2027 3268 γενέσθαι,

292 3289 415 3371 τὴν
462 3287 521 3353 δ’
578 3288 831 3354 ἐθέλων
877 3288 1247 3357 ἐθέλουσαν
1292 3290 1625 3376 ἀνήγαγεν
1672 3292 1826 3357 ὅνδε
1875 3292 2177 3376 δόμονδε.

292 3397 504 3460 πολλὰ
551 3392 623 3461 δὲ
668 3394 857 3480 μηρί’
910 3400 1057 3481 ἔκηε
1102 3403 1286 3464 θεῶν
1333 3399 1534 3482 ίεροῖς
1580 3396 1687 3463 ἐπὶ
1730 3401 2011 3482 βωμοῖς,

290 3504 503 3566 πολλὰ
551 3499 612 3567 δ’
667 3501 982 3586 ἀγάλματ’
1036 3503 1321 3588 ἀνῆψεν,
1368 3505 1724 3589 ὑφάσματά
1769 3527 1836 3569 τε
1881 3506 2134 3588 χρυσόν
2178 3527 2277 3586 τε,
