2646 3932
1071 203 1472 259 SUMMAmA.
2145 201 2273 256 XXI

265 372 460 448 aperit
487 362 791 453 (1—41).'
846 372 1004 430 Eum
1039 372 1276 448 placare
1313 372 1540 430 frustra
1576 368 1814 448 quaerit
1839 371 2272 448 EurymachuS,

264 480 401 522 mox
442 480 580 520 cum
619 478 756 521 ense
795 460 1028 519 irruens
1065 460 1139 519 ab
1177 480 1245 520 eo
1292 460 1607 535 occiditur3
1650 459 1796 519 item
1835 459 2273 537 Amphinomus

266 569 304 609 a
348 549 698 609 Telemacho
743 540 1092 630 (42—98):
1147 548 1252 625 qui
1305 548 1422 608 sibi
1474 548 1717 625 suisque
1771 568 1939 608 arma
1984 568 2056 608 ex
2099 566 2272 624 supe·

265 638 420 698 riore
463 640 636 714 parte
690 634 929 696 aedium
981 637 1195 715 defert,
1250 637 1354 697 sed
1406 637 1652 696 ianuam
1704 637 1977 698 obserare
2023 636 2273 712 oblitus3

265 747 373 802 per
416 745 600 804 quam
643 725 827 785 etiam
860 725 1055 801 procis
1089 726 1454 785 Melanthius
1492 744 1659 785 arma
1693 726 1849 803 petit
1887 716 2270 808 (99—162).

266 814 664 875 Melanthium
715 815 935 873 iterum
989 814 1443 874 adscendentem
1495 814 1798 874 subsecuti
1850 813 2154 873 Eumaeus
2213 815 2275 873 et

267 903 599 964 Philoetius
653 903 1022 980 opprimunt,
1068 902 1510 981 constringunt,
1562 902 1771 962 vivum
1815 902 1892 961 ad
1936 901 2275 963 columnam

268 992 526 1071 alligant
571 983 996 1073 (163—199).
1085 990 1249 1050 Ulixi
1301 1010 1439 1050 cum
1492 989 1616 1050 filio
1662 993 1724 1050 et
1765 990 2107 1067 pastoribus
2151 990 2273 1048 illis

268 1098 477 1157 procos
530 1079 773 1158 urgenti
826 1078 1095 1139 Minerva
1148 1079 1343 1154 specie
1395 1079 1707 1157 MentoriS,
1758 1079 1894 1140 dein
1938 1078 2273 1138 hirundinis

270 1169 541 1247 accedit,
565 1170 639 1226 ut
679 1167 796 1243 ipsi
840 1167 1069 1227 animos
1113 1170 1338 1246 augeat
1382 1170 1444 1227 et
1488 1167 1781 1227 auxilium
1823 1168 1982 1227 ferat
2026 1160 2267 1249 (200—

274 1250 445 1337 240).
535 1256 680 1315 Inde
738 1255 931 1316 acrior
989 1275 1220 1334 pugna,
1284 1275 1408 1333 qua
1471 1256 1835 1316 consternati
1894 1255 2276 1333 perimuntur

271 1345 612 1423 Ctesippus,
669 1344 908 1422 LiodeS,
971 1344 1191 1422 reliqui
1250 1363 1452 1405 omnes
1507 1336 1943 1426 (241—329):
2005 1344 2275 1420 parcitur

268 1436 510 1493 tantum
535 1433 780 1494 Phemio
817 1433 1156 1493 citharoedo
1192 1435 1255 1492 et
1288 1432 1556 1493 Medonti
1589 1433 1886 1511 praeconi,
1921 1434 2273 1509 deprecante

271 1522 621 1582 Telemacho
677 1513 1104 1603 (330—380).
1194 1521 1292 1579 Ita
1337 1522 1607 1598 expletus
1656 1521 1887 1581 ultione
1931 1520 2134 1581 Ulixes
2178 1541 2273 1581 ca-

271 1612 491 1671 davera
524 1610 660 1669 tolli
695 1613 757 1670 et
792 1610 1036 1671 domum
1071 1609 1195 1670 elui
1229 1609 1424 1685 iubet3
1469 1610 1781 1671 duodecim
1817 1610 2087 1687 ancillae,
2119 1629 2274 1687 quae

270 1699 600 1776 Eurycleae
647 1698 862 1757 indicio
909 1718 1046 1758 cum
1098 1698 1294 1774 procis
1357 1700 1739 1776 consuerant,
1795 1698 2113 1774 suspendio
2176 1718 2275 1758 ne-

271 1791 502 1864 cantur,
529 1787 752 1847 maiore
779 1786 1051 1846 cruciatu
1078 1787 1442 1846 Melanthius
1480 1778 1813 1870 (381—-47
1823 1779 1907 1866 7)
1967 1787 2277 1864 Perpetra-

271 1876 351 1935 tis
395 1876 488 1935 his
523 1875 700 1935 rebus
734 1874 938 1935 Ulixes
973 1874 1177 1953 ignem
1213 1875 1415 1936 adolet
1449 1875 1807 1951 incensoque
1845 1875 2130 1951 sulphure
2177 1876 2279 1936 do-

272 1985 439 2026 mum
470 1964 709 2040 piaculo
739 1965 964 2042 purgat
991 1955 1418 2046 (478—494).
1468 1963 1765 2042 Agnitum
1794 1963 2106 2024 dominum
2128 1964 2280 2025 fidae

203 2045 211 2055 ”
272 2053 526 2113 ancillae
572 2053 843 2111 salutant
886 2044 1314 2134 (495—501).

1159 2274 1399 2342 XXIII.

407 2406 743 2482 Penelopen
814 2405 1009 2464 adhuc
1080 2405 1467 2466 dormientem
1541 2406 1763 2466 excitat
1823 2408 2151 2487 Euryclea,
2214 2412 2287 2468 ut

274 2495 510 2555 Ulixem
563 2494 674 2554 sub
727 2493 982 2553 mendici
1032 2493 1248 2553 habitu
1300 2494 1549 2554 latuisse
1605 2497 1667 2554 et
1718 2514 1928 2572 procos
1973 2495 2109 2556 telis
2155 2496 2284 2557 eius

275 2583 551 2644 cecidisse
596 2582 836 2642 nuntiet
870 2572 1164 2663 (1—31).
1245 2582 1304 2640 N
1306 2582 1543 2643 oscendi
1588 2583 1807 2660 cupida
1850 2584 2152 2645 descendit
2193 2605 2283 2645 re-

276 2672 419 2750 gina
470 2671 629 2731 inter
679 2669 970 2749 gaudium
1022 2672 1369 2747 metumque
1421 2671 1720 2731 fluctuans
1773 2690 1843 2731 ac
1896 2672 2137 2733 caedem
2179 2694 2283 2750 po-

277 2761 399 2819 tius
444 2760 519 2819 ab
565 2759 769 2837 aliquo
815 2758 1062 2818 deorum
1107 2758 1331 2819 editam
1373 2762 1621 2835 putans:
1682 2762 1745 2819 et
1796 2779 1870 2819 ne
1925 2760 2283 2822 assidentem

276 2849 518 2926 quidem
560 2848 756 2907 virum
802 2849 1021 2906 temere
1066 2846 1255 2907 credit
1296 2847 1497 2923 ipsum
1543 2865 1693 2926 esse,
1748 2867 1881 2926 nec,
1928 2850 2201 2928 quamvis
2248 2870 2284 2910 a

274 2936 399 2996 filio
464 2936 804 3014 obiurgata,
869 2934 1203 3012 alloquitur
1264 2927 1665 3017 (32—110).
1770 2936 1856 2995 At
1915 2936 2145 3016 Ulixes,
2208 2959 2282 2998 ne

277 3025 482 3085 statim
525 3043 620 3085 res
664 3044 772 3101 per
822 3023 1032 3083 urbem
1074 3024 1384 3103 vulgetur,
1446 3024 1866 3085 Telemachum
1910 3027 1972 3085 et
2014 3029 2283 3103 pastores

277 3133 413 3174 cum
458 3113 691 3173 ancillis
737 3112 978 3173 choreas
1024 3130 1200 3190 agere
1245 3112 1442 3190 iubet3
1487 3113 1769 3190 letusque
1805 3133 1943 3175 mox
1977 3113 2104 3190 ipse
2141 3117 2203 3175 et
2248 3136 2284 3175 a

274 3202 543 3262 Minerva
587 3201 820 3261 iuvenis
853 3200 1122 3259 redditus
1167 3200 1243 3259 ad
1287 3220 1534 3262 uxorem
1576 3202 1913 3280 revertitur,
1967 3203 2065 3262 cui
2109 3203 2283 3263 lenti-

276 3290 547 3350 tudinem
590 3289 907 3367 exprobrat
953 3279 1379 3371 (111—172).
1472 3288 1738 3350 Tandem
1781 3290 1913 3369 illa,
1969 3309 2089 3367 quo
2142 3309 2282 3351 cau·

278 3379 400 3438 tius
434 3398 643 3438 verum
686 3379 969 3456 exploret,
1014 3373 1086 3438 de
1130 3377 1335 3453 positu
1379 3377 1520 3437 lecti
1564 3378 1816 3456 genialis
1862 3378 1937 3438 ab
1972 3378 2102 3455 ipso
2140 3379 2285 3439 olim

278 3466 554 3526 fabricati
599 3467 682 3526 sic
726 3466 1014 3543 loquitur,
1059 3469 1132 3524 ut
1175 3466 1581 3542 respondendo
1627 3466 1804 3542 plane
1840 3468 2051 3542 pateat
2085 3466 2283 3541 opifex

276 3555 529 3618 maritus
577 3546 1002 3642 (173—204).
1095 3555 1250 3616 Tum
1304 3555 1559 3636 denique
1613 3554 1819 3637 agnito
1874 3553 2036 3612 Ulixi
2088 3553 2282 3633 prima
