2646 3932
1000 196 1416 247 ΟΔΤΣΣΕΙΔΣ
1454 197 1524 247 Π.
2175 195 2208 258 1
2220 194 2254 258 7

240 339 409 414 Ζεὺς
453 336 713 421 ἀγαθὸν
757 336 1079 404 τελέσειεν
1093 384 1113 419 ,
1160 337 1262 403 ὅτι
1307 336 1551 424 φρεσὶν
1596 329 1712 424 ᾖσι
1757 340 2099 425 μενοινᾷ.“

326 437 415 520 ὥς
459 444 663 529 φάτο,
708 454 894 530 χαῖρε
940 439 1015 509 δὲ
1060 445 1246 529 φήμῃ
1287 441 1649 527 Ὀδυσσῆος
1693 446 1889 527 φίλος
1932 443 2108 527 υἱός,
2192 460 2259 510 35

236 546 383 613 οὐδ’
435 547 542 636 ἄρ’
594 552 691 615 ἔτι
736 549 864 633 δήν
907 543 1101 632 ἧστο,
1147 551 1542 633 μενοίνησεν
1588 547 1650 615 δ’
1704 548 2081 635 ἀγορεύειν,

236 663 356 738 στῆ
404 652 478 721 δὲ
521 654 689 741 μέσῃ
736 654 944 742 ἀγορῇ
962 674 979 690 ·
1023 662 1360 741 σκῆπτρον
1406 652 1486 720 δέ
1526 655 1598 721 οἱ
1637 657 1877 739 ἔμβαλε
1920 653 2092 742 χειρὶ

233 759 440 847 κῆρυξ
486 764 839 845 Πεισήνωρ
892 758 1274 845 πεπνυμένα
1319 761 1532 845 μήδεα
1576 761 1787 837 εἰδώς.

232 877 499 951 πρῶτον
543 868 764 931 ἔπειτα
806 864 1087 950 γέροντα
1133 867 1635 950 καθαπτόμενος
1677 864 2097 949 προσέειπεν·

234 967 334 1055 ,,ὦ
379 970 608 1057 γέρον,
654 971 777 1057 οὐχ
818 970 969 1048 ἑκὰς
1004 966 1199 1049 οὗτος
1235 971 1438 1058 ἀνήρ,
1483 972 1649 1055 τάχα
1687 969 1748 1036 δ’
1793 977 2001 1038 εἴσεαι
2036 972 2257 1056 αὐτός,

234 1076 309 1155 ὃς
353 1079 516 1144 λαὸν
560 1079 820 1165 ἤγειρα·
866 1079 1148 1163 μάλιστα
1193 1077 1273 1144 δέ
1314 1076 1381 1163 μ’
1436 1079 1637 1162 ἄλγος
1684 1079 1910 1145 ἱκάνει.
2186 1095 2253 1143 41

235 1183 387 1249 οὔτε
430 1181 557 1249 τιν’
609 1183 924 1268 ἀγγελίην
968 1195 1255 1271 στρατοῦ
1301 1188 1541 1251 ἔκλυον
1588 1184 1971 1272 ἐρχομένοιο
1986 1233 2006 1269 ,

233 1291 320 1374 ἥν
363 1287 423 1375 χ’
474 1289 636 1374 ὑμῖν
680 1290 864 1374 σάφα
908 1297 1105 1375 εἴπω,
1151 1292 1259 1358 ὅτε
1303 1294 1623 1379 πρότερός
1664 1315 1741 1376 γε
1785 1294 2157 1376 πυθοίμην,

234 1395 388 1461 οὔτε
430 1418 496 1461 τι
541 1398 782 1482 δήμιον
826 1397 987 1462 ἄλλο
1032 1398 1491 1482 πιφαύσκομαι
1537 1396 1682 1464 οὐδ’
1736 1397 2069 1482 ἀγορεύω,

234 1500 379 1568 ἀλλ’
431 1502 591 1586 ἐμὸν
635 1503 844 1568 αὐτοῦ
887 1513 1137 1589 χρεῖος,
1184 1503 1222 1568 ὅ
1266 1526 1382 1587 μοι
1424 1505 1592 1570 κακὰ
1637 1506 1916 1588 ἔμπεσεν
1963 1509 2121 1591 οἴκῳ
2184 1517 2255 1567 45

235 1608 414 1674 δοιά·
455 1609 532 1676 τὸ
577 1603 701 1692 μὲν
743 1606 969 1695 πατέρ’
1023 1607 1270 1674 ἐσθλὸν
1307 1608 1643 1691 ἀπώλεσα,
1690 1609 1763 1686 ὅς
1798 1605 1943 1674 ποτ’
1986 1608 2061 1674 έν
2092 1607 2255 1692 ὑμῖν

234 1714 613 1780 τοίσδεσσιν
654 1716 993 1798 βασίλευε,
1039 1714 1255 1799 πατὴρ
1303 1712 1365 1781 δ’
1421 1714 1511 1791 ὣς
1553 1715 1747 1798 ἤπιος
1790 1709 1937 1799 ἦεν·

233 1830 361 1886 νῦν
417 1816 478 1885 δ’
529 1813 616 1884 αὖ
659 1817 772 1885 καὶ
813 1822 987 1887 πολὺ
1031 1823 1284 1905 μεῖζον,
1340 1818 1378 1886 ὃ
1426 1821 1508 1904 δὴ
1555 1821 1719 1905 τάχα
1766 1816 1954 1886 οἶκον
1998 1820 2254 1885 ἅπαντα

232 1926 452 2011 πάγχυ
498 1925 898 2013 διαρραίσει,
944 1927 1176 2009 βίοτον
1222 1922 1284 1992 δ’
1340 1926 1467 1992 ἀπὸ
1513 1926 1787 2011 πάμπαν
1832 1924 2106 1992 ὀλέσσει.

234 2030 463 2119 μητέρι
508 2054 622 2117 μοι
667 2039 1037 2116 μνηστῆρες
1080 2030 1403 2119 ἐπέχραον
1449 2033 1575 2099 οὐκ
1619 2032 1979 2118 ἐθελούσῃ,
2186 2049 2253 2097 ⁶0

235 2149 368 2204 τῶν
411 2137 680 2225 ἀνδρῶν
723 2140 911 2222 φίλοι
955 2129 1124 2221 υἷες,
1171 2141 1242 2203 οἳ
1282 2137 1528 2204 ἐνθάδε
1572 2135 1637 2222 γ’
1689 2136 1859 2203 εἰσὶν
1905 2139 2191 2222 ἄριστοι,

236 2248 307 2310 οἳ
344 2245 589 2330 πατρὸς
633 2239 756 2327 μὲν
800 2241 867 2321 ές
912 2238 1100 2309 οἶκον
1146 2242 1539 2329 ἀπερρίγασι
1584 2240 1857 2308 νέεσθαι

230 2348 544 2436 Ἰκαρίου,
590 2350 681 2427 ὥς
721 2346 784 2415 κ’
837 2348 1038 2425 αὐτὸς
1081 2347 1476 2415 ἐεδνώσαιτο
1520 2348 1855 2433 θύγατρα,

236 2457 385 2540 δοίη
433 2453 524 2538 δ’,
571 2447 624 2543 ᾧ
669 2452 730 2521 κ’
784 2453 1009 2521 έθέλοι
1051 2457 1170 2520 καί
1208 2455 1281 2520 οἱ
1318 2453 1787 2541 κεχαρισμένος
1831 2457 2047 2521 ἔλθοι·

237 2563 307 2629 οἱ
346 2560 407 2629 δ’
462 2564 556 2639 εἰς
598 2560 919 2649 ἡμέτερον
963 2562 1378 2645 πωλεύμενοι
1422 2562 1635 2646 ἤματα
1682 2563 1925 2645 πάντα,
2186 2578 2252 2630 55

234 2671 396 2753 βοῦς
441 2667 808 2752 ἱερεύοντες
850 2665 964 2733 καὶ
1007 2667 1109 2744 ὄις
1151 2664 1263 2731 καὶ
1297 2669 1535 2745 πίονας
1581 2663 1773 2750 αἶγας

236 2773 767 2851 εἰλαπινάζουσιν
812 2774 1090 2838 πίνουσί
1126 2794 1196 2837 τε
1244 2777 1498 2838 αἴθοπα
1543 2768 1734 2838 οἶνον

235 2880 591 2966 μαψιδίως·
633 2879 714 2943 τὰ
760 2873 835 2944 δὲ
878 2877 1091 2944 πολλὰ
1133 2876 1500 2944 κατάνεται.
1592 2878 1677 2944 οὐ
1720 2879 1849 2964 γὰρ
1895 2877 1998 2945 ἔπ’
2052 2879 2251 2965 ἀνήρ,

237 2977 375 3063 οἶος
413 2982 767 3061 Ὀδυσσεὺς
810 2986 1030 3067 ἔσκεν,
1077 2982 1248 3069 ἀρὴν
1292 2983 1422 3054 ἀπὸ
1468 2989 1659 3050 οἴκου
1703 2984 1966 3069 ἀμῦναι.

235 3090 420 3175 ἡμεῖς
466 3087 528 3155 δ’
582 3091 664 3155 οὔ
707 3089 795 3154 νύ
837 3111 904 3155 τι
946 3100 1119 3154 τοῖοι
1164 3087 1527 3173 ἀμυνέμεν·
1570 3084 1612 3174 ἦ
1658 3088 1771 3156 καὶ
1814 3093 2034 3157 ἔπειτα
2185 3109 2253 3160 60

236 3194 576 3279 λευγαλέοι
619 3191 679 3260 τ’
730 3194 1065 3279 ἐσόμεσθα
1108 3193 1219 3261 καὶ
1265 3194 1351 3261 οὐ
1398 3196 1788 3280 δεδαηκότες
1834 3196 2058 3281 ἀλκήν.

236 3299 275 3387 ἧ
318 3300 377 3368 τ’
429 3300 515 3367 ἂν
560 3301 970 3386 ἀμυναίμην,
1015 3306 1084 3367 εἴ
1120 3324 1236 3385 μοι
1281 3301 1565 3386 δύναμίς
1607 3325 1684 3385 γε
1728 3305 1984 3388 παρείη.

237 3409 318 3476 οὐ
359 3409 488 3493 γὰρ
533 3405 622 3473 ἔτ’
674 3407 956 3492 ἀνσχετὰ
1002 3408 1163 3494 ἔργα
1205 3407 1614 3492 τετεύχαται,
1662 3405 1809 3473 οὐδ’
1861 3410 1958 3473 ἔτι
2000 3412 2214 3483 καλῶς

237 3513 415 3591 οἶκος
460 3512 612 3597 ἐμὸς
658 3513 953 3579 διόλωλε.
1043 3515 1498 3599 νεμεσσήθητε
1540 3510 1653 3579 καὶ
1697 3512 1919 3597 αὐτοί,

337 3626 541 3668 Eoum
570 3624 809 3669 Onu-u.
864 3627 906 3669 1.
1795 3621 1828 3668 2
