2646 3932
905 239 1321 291 οΔΤΣΣΕΙΑΣ
1360 240 1508 294 vm.
2113 236 2239 301 119

223 383 305 447 οὔ
351 405 451 459 τις
502 385 815 466 Φαιήκων
859 383 1012 447 τόδε
1057 379 1120 464 γ’
1172 381 1407 464 ἵξεται,
1455 379 1602 446 οὐδ’
1654 380 2033 466 ὑπερήσει.“

311 484 400 566 ὥς
444 488 647 573 φάτο,
691 490 991 573 γήθησεν
1036 484 1110 554 δὲ
1155 488 1483 563 πολύτλας
1530 488 1673 563 δῖος
1711 484 2093 570 Ὀδυσσεύς,

220 597 500 681 χαίρων,
549 591 767 679 οὕνεχ’
821 592 1083 679 ἑταῖρον
1129 591 1323 677 ἐνηέα
1369 590 1593 658 λεῦσσ’
1646 591 1720 658 ἐν
1765 592 1989 676 ἀγῶνι.
2140 609 2244 658 200

220 698 333 766 καὶ
375 703 521 766 τότε
565 703 981 786 κουφότερον
1025 701 1392 785 μετεφώνεε
1444 701 1873 782 Φαιήκεσσιν·

223 815 508 889 ,,τοῦτον
550 815 680 871 νῦν
725 806 1081 891 ἀφίκεσθε,
1135 805 1295 871 νέοι.
1387 805 1552 889 τάχα
1598 802 1660 870 δ’
1712 804 1995 891 ὕστερον
2039 806 2245 870 ἄλλον

220 913 410 995 ἥσειν
453 911 495 996 ἦ
539 921 906 977 τοσσοῦτον
951 911 1172 996 ὀίομαι
1216 910 1258 995 ἣ
1304 912 1400 976 ἔτι
1446 920 1720 995 μᾶσσον.

221 1029 358 1083 τῶν
404 1016 469 1082 δ’
523 1018 743 1083 ἄλλων
788 1018 974 1084 ὅτινα
1018 1019 1258 1103 κραδίη
1302 1018 1523 1100 θυμός
1565 1040 1636 1081 τε
1680 1018 1961 1100 κελεύει,

224 1121 407 1209 δεῦρ’
460 1125 576 1207 ἄγε
622 1126 1036 1210 πειρηθήτω,
1083 1121 1229 1188 ἐπεί
1266 1120 1334 1207 μ’
1387 1121 1750 1207 ἐχολώσατε
1796 1125 1977 1205 λίην,
2139 1137 2242 1187 205

219 1229 263 1314 ἦ
310 1230 436 1309 πὺξ
481 1227 557 1313 ἠὲ
602 1231 777 1316 πάλῃ
822 1229 864 1314 ἢ
910 1228 1022 1295 καὶ
1065 1231 1294 1312 ποσίν,
1342 1228 1424 1293 οὔ
1468 1251 1533 1293 τι
1578 1229 1897 1313 μεγαίρω,

219 1338 490 1402 πάντων
541 1339 882 1420 Φαιήκων,
928 1339 1103 1420 πλήν
1146 1332 1209 1419 γ’
1263 1334 1469 1400 αὐτοῦ
1516 1334 2009 1418 Λαοδάμαντος.

223 1442 436 1520 ξεῖνος
479 1443 606 1527 γάρ
652 1465 765 1527 μοι
811 1440 912 1507 ὅδ’
966 1442 1131 1509 ἐστί·
1177 1444 1277 1518 τίς
1322 1439 1407 1505 ἂν
1452 1440 1752 1524 φιλέοντι
1797 1441 2097 1524 μάχοιτο;

225 1549 460 1634 ἄφρων
505 1549 587 1632 δὴ
634 1550 851 1625 κεῖνός
895 1572 969 1631 γε
1014 1546 1124 1613 καὶ
1171 1546 1522 1624 οὐτιδανὸς
1565 1545 1745 1612 πέλει
1792 1545 1992 1632 ἀνήρ,

225 1655 298 1732 ὅς
341 1678 440 1732 τις
486 1653 839 1741 ξεινοδόκῳ
886 1656 1075 1739 ἔριδα
1118 1652 1532 1739 προφέρηται
1578 1651 1843 1718 ἀέθλων
2136 1671 2240 1720 210

225 1761 409 1849 δήμω
458 1758 531 1825 ἐν
577 1758 955 1846 ἀλλοδαπῷ·
1001 1760 1071 1826 ἕο
1120 1758 1181 1825 δ’
1236 1761 1444 1825 αὐτοῦ
1490 1759 1704 1824 πάντα
1749 1760 2029 1825 κολούει.

222 1878 358 1932 τῶν
405 1864 467 1931 δ’
522 1867 741 1931 ἄλλων
788 1867 870 1932 οὔ
914 1865 1036 1952 πέρ
1081 1864 1208 1931 τιν’
1264 1865 1619 1950 ἀναίνομαι
1666 1863 1812 1931 οὐδ’
1865 1865 2178 1952 ἀθερίζω,

223 1971 366 2039 ἀλλ’
422 1971 629 2038 ἐθέλω
679 1975 871 2057 ἴδμεν
914 1971 1023 2038 καὶ
1067 1977 1551 2060 πειρηθήμεναι
1599 1973 1822 2056 ἄντην.

222 2081 437 2145 πάντα
465 2073 607 2163 Ιγάρ
655 2079 736 2144 οὐ
772 2082 971 2156 κακός
1006 2081 1160 2164 εἰμι.
1201 2077 1344 2164 μετ’
1390 2078 1716 2164 ἀνδράσιν
1753 2078 1943 2144 ὅσσοι
1980 2080 2241 2145 ἄεθλοι·

222 2181 299 2251 εὖ
343 2182 466 2270 μὲν
509 2185 704 2264 τόξον
748 2180 902 2250 οἶδα
947 2185 1180 2265 ἐύξοον
1225 2184 1746 2270 ἀμφαφάασθαι·
2137 2202 2239 2252 215

222 2292 479 2376 πρῶτός
522 2286 583 2354 κ’
637 2291 850 2376 ἄνδρα
894 2293 1162 2376 βάλοιμι
1207 2291 1552 2368 ὀιστεύσας
1596 2290 1670 2357 ἐν
1716 2290 1922 2379 ὁμίλφ

224 2396 491 2482 ἀνδρῶν
536 2396 948 2482 δυσμενέων,
995 2400 1058 2463 εί
1097 2395 1207 2463 καὶ
1253 2398 1429 2481 μάλα
1473 2395 1709 2462 πολλοὶ
1756 2395 2002 2482 ἑταῖροι

224 2503 376 2586 ἄγχι
422 2513 828 2586 παρασταῖεν
871 2502 982 2569 καὶ
1026 2503 1401 2582 τοξαζοίατο
1449 2516 1707 2588 φωτῶν.

223 2605 363 2686 οἷος
410 2610 494 2693 δή
538 2632 618 2692 με
670 2612 1073 2694 Φιλοκτήτης
1119 2608 1515 2674 ἀπεκαίνυτο
1560 2611 1726 2698 τόξω

223 2716 407 2803 δήμῳ
456 2717 557 2779 ἔνι
611 2715 888 2799 Τρώων,
936 2715 1042 2780 ὅτε
1088 2713 1500 2799 τοξαζοίμεθ’
1548 2714 1809 2800 Ἀχαιοί.
2134 2733 2239 2782 220

221 2833 355 2886 τῶν
402 2818 463 2886 δ’
517 2821 736 2885 ἄλλων
782 2819 898 2904 ἐμέ
938 2844 1108 2906 φημι
1151 2822 1325 2886 πολὺ
1368 2821 1899 2907 προφερέστερον
1944 2817 2146 2906 εἶναι,

222 2926 410 2992 ὅσσοι
456 2935 583 2991 νῦν
628 2929 864 3010 βροτοί
902 2929 1074 2992 εἰσιν
1119 2925 1225 2992 ἐπὶ
1268 2925 1471 3011 χθονὶ
1517 2937 1703 2992 σῖτον
1747 2929 2026 3005 ἔδοντες.

219 3022 502 3118 ἀνδράσι
549 3028 622 3098 δὲ
666 3030 1087 3118 προτέροισιν
1131 3032 1422 3118 ἐριζέμεν
1467 3032 1590 3099 οὐκ
1636 3032 1963 3116 ἐθελήσω,

220 3136 376 3205 οὔθ’
421 3135 738 3223 Ἡρακλῆι
785 3136 925 3204 οὔτ’
977 3138 1260 3227 Εὐρύτῳ
1311 3141 1645 3224 Οἰχαλιῆι,

217 3245 292 3310 οἵ
331 3244 416 3330 ῥα
461 3242 572 3309 καὶ
618 3244 1058 3310 ἀθανάτοισιν
1103 3243 1437 3328 ἐρίζεσκον
1480 3242 1630 3327 περὶ
1675 3245 1900 3324 τόξων.
2134 3261 2236 3310 225

215 3358 307 3437 τῷ
359 3350 443 3436 ῥα
480 3348 590 3415 καὶ
636 3346 778 3427 αἶψ’
823 3352 1069 3415 ἔθανεν
1104 3350 1306 3433 μέγας
1340 3351 1664 3437 Εὔρυτος,
1702 3346 1848 3416 οὐδ’
1892 3348 1996 3416 ἐπὶ
2032 3359 2240 3436 γῆρας

215 3452 373 3520 ἵκετ’
429 3453 530 3520 ἐνὶ
575 3455 950 3541 μεγάροισι·
995 3456 1458 3541 χολωσάμενος
1503 3456 1629 3541 γὰρ
1669 3453 2005 3521 Ἀπόλλων

212 3563 515 3644 ἔκτανεν,
563 3560 806 3627 οὕνεκά
852 3585 967 3646 μιν
1011 3564 1436 3646 προκαλίζετο
1482 3561 1887 3640 τοξάζεσθαι.
