2646 3932
965 185 1381 237 οΔΤΣΣΕῙΑΣ
1416 186 1482 238 v.
2150 182 2234 246 75

217 335 584 412 μνηστῆρες
631 321 693 392 δ’
746 326 819 392 ἐν
865 325 978 411 νηὶ
1023 323 1416 412 παλιμπετὲς
1462 324 1933 392 ἀπονέωνται.“

305 427 346 516 ἦ
395 433 479 518 ῥα
523 429 634 497 καὶ
670 429 980 519 Ἑρμείαν
1024 433 1178 499 υἰὸν
1224 436 1429 518 φίλον
1474 432 1705 498 ἀντίον
1748 433 1951 516 ηὔδα·

221 534 554 624 ,,Ἑρμειἀ,
612 540 698 603 σὺ
751 539 879 625 γὰρ
924 532 1080 605 αὖτε
1125 540 1206 604 τά
1251 533 1310 603 τ’
1362 540 1528 604 ἄλλα
1572 560 1695 623 περ
1741 539 2016 622 ἄγγελός
2061 537 2234 619 ἐσσι,

219 643 450 729 νύμφῃ
496 643 886 734 ἐυπλοκάμῳ
933 647 1143 710 εἰπεῖν
1186 643 1510 729 νημερτέα
1554 646 1838 728 βουλήν,
2166 660 2235 708 30

219 751 463 815 νόστον
502 743 859 834 Ὀδυσσῆος
901 753 1421 834 ταλασίφρονος,
1468 751 1557 827 ὥς
1599 773 1673 815 κε
1718 748 1944 832 νέηται

222 855 373 920 οὔτε
415 861 600 921 θεῶν
642 864 869 941 πομπῇ
915 856 1068 921 οὔτε
1111 861 1387 939 θνητῶν
1432 855 1838 939 ἀνθρώπων·

222 955 366 1027 ἀλλ’
418 960 454 1026 ὅ
499 957 563 1045 γ’
614 960 720 1028 ἐπὶ
766 962 1031 1045 σχεδίης
1073 959 1500 1045 πολυδέσμου
1544 963 1808 1044 πήματα
1851 961 2124 1044 πάσχων

220 1067 426 1151 ἤματί
460 1062 522 1133 κ’
574 1069 846 1154 εἰκοστςό
893 1069 1184 1151 Σχερίην
1230 1065 1554 1153 ἐρίβωλον
1598 1068 1838 1150 ἵκοιτο,

229 1174 539 1256 Φαιήκων
584 1172 651 1249 ἐς
694 1183 922 1256 γαῖαν,
970 1175 1043 1238 οἳ
1081 1172 1387 1258 ἀγχίθεοι
1429 1172 1778 1256 γεγάασιν,
2170 1189 2238 1237 35

224 1279 295 1342 οἵ
332 1277 449 1344 κέν
493 1302 609 1362 μιν
654 1276 804 1363 περὶ
848 1287 1002 1365 κῆρι
1044 1279 1213 1344 θεὸν
1256 1278 1348 1355 ὣς
1389 1280 1816 1363 τιμήσουσιν,

222 1381 601 1468 πέμψουσιν
648 1378 710 1449 δ’
761 1383 835 1449 ἐν
879 1381 992 1467 νηὶ
1037 1386 1244 1468 φίλην
1289 1383 1356 1460 ἐς
1400 1385 1686 1468 πατρίδα
1729 1394 1929 1468 γαῖαν

224 1492 467 1573 χαλκόν
509 1513 580 1556 τε
625 1493 878 1576 χρυσόν
920 1513 991 1556 τε
1036 1490 1181 1566 ἅλις
1227 1489 1479 1573 ἐσθῆτά
1521 1513 1593 1555 τε
1640 1490 1896 1572 δόντες,

222 1590 439 1679 πόλλ’,
486 1590 586 1661 ὄσ’
638 1594 723 1660 ἂν
768 1594 933 1661 οὐδέ
971 1616 1129 1660 ποτε
1184 1598 1426 1681 Τροίης
1470 1589 1724 1681 ἐξήρατ’
1771 1589 2151 1679 Ὀδυσσεύς,

225 1707 292 1766 εἰ
327 1722 449 1788 περ
496 1701 774 1785 ἀπήμων
818 1696 1019 1784 ἦλθε,
1067 1703 1288 1785 λαχὼν
1334 1700 1461 1767 ἀπὸ
1509 1702 1738 1785 ληίδος
1782 1697 1997 1767 αἶσαν.
2172 1718 2240 1766 40

226 1802 315 1883 ὧς
358 1808 485 1891 γάρ
532 1808 603 1873 οἰ
642 1802 818 1893 μοῖρ’
870 1805 1010 1872 ἐστὶ
1053 1810 1295 1891 φίλους
1338 1801 1398 1871 τ’
1452 1806 1656 1873 ἰδέειν
1698 1806 1810 1873 καὶ
1856 1807 2116 1874 ἱκέσθαι

227 1908 414 1978 οἷκον
459 1912 524 1990 ἐς
568 1912 921 1998 ὑψόροφον
964 1910 1076 1979 καὶ
1122 1910 1239 1997 ἑὴν
1283 1911 1351 1990 ἐς
1395 1914 1680 2001 πατρίδα
1724 1916 1984 1998 γαταν.“

315 2014 404 2095 ὧς
448 2016 662 2103 ἔφατ’,
710 2016 855 2084 οὐδ’
909 2017 1195 2102 ἀπίθησε
1241 2019 1592 2105 διάκτορος
1636 2019 2089 2105 ἀργεϊφόντης.

227 2122 438 2190 αὐτίκ’
491 2122 702 2189 ἔπειθ’
753 2124 883 2190 ὑπὸ
929 2122 1172 2191 ποσσὶν
1218 2124 1499 2208 ἐδήσατο
1544 2126 1712 2191 καλὰ
1756 2124 1991 2191 πέδιλα

227 2231 555 2317 ἀμβρόσια
600 2231 901 2316 χρύσεια,
946 2230 1028 2295 τά
1073 2255 1188 2315 μιν
1233 2229 1446 2316 φέρον
1488 2227 1655 2315 ἠμὲν
1700 2230 1806 2315 ἐφ’
1859 2231 2075 2316 ὑγρὴν
2173 2250 2241 2299 45

226 2335 333 2420 ἠδ’
384 2334 486 2402 ἐπ’
538 2337 856 2421 ἀπείρονα
898 2347 1098 2419 γαῖαν
1142 2336 1276 2420 ἅμα
1320 2345 1556 2421 πνοιῇς
1602 2334 1888 2420 ἀνέμοιο.

228 2444 435 2509 εἵλετο
484 2439 555 2508 δὲ
603 2443 884 2527 ῥάβδον,
929 2451 1010 2528 τῇ
1056 2439 1140 2507 τ”
1167 2442 1434 2527 ἀνδρῶν
1480 2443 1736 2526 ὄμματα
1779 2441 2037 2526 θέλγει,

228 2544 325 2615 ὧν
370 2547 617 2631 ἐθέλει,
662 2550 820 2625 τοὺς
865 2544 927 2613 δ’
980 2542 1137 2613 αὖτε
1181 2545 1292 2613 καὶ
1337 2547 1725 2623 ὑπνώοντας
1770 2546 2032 2633 ἐγείρει·

227 2656 350 2738 τὴν
395 2656 555 2738 μετὰ
598 2652 827 2739 χερσὶν
870 2655 1040 2737 ἔχων
1085 2651 1313 2719 πέτετο
1359 2656 1602 2737 κρατὺς
1647 2653 2100 2737 ἀργεϊφόντης.

231 2763 512 2846 Πιερίην
558 2758 619 2826 δ’
674 2759 901 2842 ἐπιβὰς
947 2758 1013 2838 ἐξ
1057 2756 1332 2842 αἰθέρος
1378 2761 1613 2841 ἔμπεσε
1657 2760 1907 2846 πόντῳ·
2177 2775 2246 2825 50

229 2865 448 2932 σεύατ’
501 2862 699 2931 ἔπειτ’
752 2863 859 2931 ἐπὶ
901 2873 1077 2948 κῦμα
1123 2864 1302 2952 λάρῳ
1351 2865 1579 2948 ὄρνιθι
1624 2860 1882 2945 ἐοικώς,

229 2973 302 3049 ὅς
346 2995 417 3038 τε
461 2973 624 3037 κατὰ
672 2972 935 3046 δεινοὺς
978 2971 1268 3045 κόλπους
1313 2968 1470 3045 ἁλὸς
1516 2966 1899 3053 ἀτρυγέτοιο

230 3081 426 3163 ἰχθῦς
470 3077 834 3162 ἀγρώσσων
878 3075 1124 3139 πυκινὰ
1167 3075 1374 3157 πτερὰ
1421 3074 1680 3139 δεύεται
1724 3074 1927 3158 ἅλμῃ·

227 3193 317 3273 τῷ
365 3187 578 3260 ἴκελος
620 3180 970 3249 πολέεσσιν
1014 3179 1298 3263 ὀχήσατο
1344 3179 1631 3264 κύμασιν
1667 3176 1925 3264 Ἑρμῆς.

228 3285 372 3355 ἀλλ’
425 3288 532 3354 ὅτε
580 3288 662 3371 δὴ
708 3288 832 3370 τὴν
875 3294 1087 3369 νῆσον
1132 3285 1404 3370 ἀφίκετο
1449 3281 1683 3369 τηλόθ’
1737 3284 2011 3368 ἐοῦσαν,
2175 3300 2245 3350 55

226 3391 375 3462 ἐνθ’
426 3393 500 3460 ἐκ
542 3396 793 3459 πόντου
836 3393 959 3476 βὰς
1005 3389 1280 3468 ἰοειδέος
1323 3391 1676 3474 ’ἤπειρόνδε

224 3504 402 3586 ἤιεν,
450 3501 627 3585 ὄφρα
672 3497 836 3583 μέγα
883 3495 1079 3574 σπέος
1125 3498 1332 3580 ἵκετο,
1377 3505 1467 3584 τῷ
1514 3499 1615 3560 ἔνι
1658 3494 1888 3578 νύμφη
