2646 3932
1009 203 1425 254 οΔΤΣΣΕΙΑΣ
1462 205 1528 256 x,
2159 197 2288 262 165

266 343 310 427 ἡ
356 343 438 409 δέ
476 368 602 429 μευ
647 346 798 429 ἄγχι
844 353 1053 411 στᾶσα
1096 345 1447 431 προσηύδα
1492 344 1604 410 δῖα
1645 345 1901 410 θεάων·
2184 356 2288 408 456

270 447 616 534 ,[διογενὲς
660 451 1036 537 Λαερτιάδη
1049 499 1069 534 ,
1113 446 1528 536 πολυμήχαν’
1573 446 1937 533 Ὀδυσσεῢ,]

269 554 499 641 μηκέτι
540 566 671 623 νῦν
714 559 1008 643 θαλερὸν
1053 559 1215 640 γόον
1261 558 1528 643 ὄρνυτε·
1575 550 1727 623 οἶδα
1768 553 1881 621 καὶ
1926 554 2123 637 αὐτή,

269 659 435 746 ἠμὲν
481 658 584 728 δσ’
636 662 709 729 ἐν
752 666 976 753 πόντῳ
1022 657 1259 730 πάθετ’
1311 664 1513 746 ἄλγεα
1560 664 1930 748 ἰχθυόεντι,

269 763 376 851 ἠδ’
428 764 529 834 ὅσ’
581 769 890 857 ἀνάρσιοι
935 770 1173 856 ἄνδρες
1219 764 1609 853 ἐδηλήσαντ’
1661 766 1768 834 ἐπὶ
1812 766 2081 853 χέρσου·

272 869 416 941 ἀλλ’
468 870 644 958 ἄγετ’
696 874 955 941 ἐσθίετε
999 875 1277 961 βρώμην
1319 873 1432 940 καὶ
1474 877 1697 940 πίνετε
1742 868 1964 957 οἶνον,
2188 888 2299 938 460

271 982 365 1058 εἰς
410 981 448 1046 ὅ
491 1005 608 1048 κεν
653 976 840 1058 αὖτις
882 982 1110 1064 θυμὸν
1156 978 1258 1046 ἐνὶ
1303 983 1625 1064 στήθεσσι
1670 981 1941 1063 λάβητε,

272 1079 421 1153 οἷον
466 1088 575 1153 ὅτε
619 1087 994 1172 πρώτιστον
1040 1086 1326 1152 ἐλείπετε
1369 1088 1656 1173 πατρίδα
1699 1097 1899 1170 γαῖαν

271 1196 572 1279 τρηχείης
611 1188 888 1277 Ἰθάκης.
961 1201 1092 1258 νῦν
1138 1188 1200 1259 δ’
1252 1192 1554 1271 ἀσκελέες
1596 1191 1709 1259 καὶ
1754 1192 2007 1279 ἄθυμοι
2016 1242 2038 1277 ,

273 1295 418 1364 αἰὲν
463 1300 623 1383 ἄλης
666 1305 950 1385 χαλεπῆς
995 1298 1428 1385 μεμνημένοι,
1475 1298 1640 1366 οὐδέ
1678 1296 1839 1366 ποθ’
1888 1300 2049 1386 ὕμιν

270 1406 492 1489 θυμὸς
536 1405 610 1471 ἐν
645 1406 1054 1493 εὐφροσύνῃ,
1100 1403 1242 1472 ἐπεὶ
1275 1401 1317 1490 ἦ
1357 1406 1532 1490 μάλα
1567 1408 1780 1472 πολλὰ
1815 1404 2153 1472 πέποσθεέ
2191 1421 2294 1471 465

362 1506 451 1588 ὥς
496 1507 723 1596 ἔφαθ’,
769 1511 930 1596 ἡμῖν
976 1507 1040 1577 δ’
1092 1505 1237 1578 αὖτ’
1289 1511 1672 1577 ἐπεπείθετο
1717 1514 1937 1597 θυμὸς
1983 1512 2267 1597 ἀγήνωρ.

216 1632 227 1641 “
274 1618 444 1682 ἔνθα
487 1614 609 1701 μὲν
653 1619 870 1702 ἤματα
912 1618 1127 1683 πάντα
1171 1620 1581 1703 τελεσφόρον
1626 1619 1721 1694 εἰς
1765 1617 2073 1684 ἐνιαυτὸν

273 1723 497 1807 ἤμεθα
542 1724 935 1808 δαινύμενοι
978 1721 1139 1810 κρέα
1183 1718 1242 1788 τ’
1293 1724 1543 1788 ἄσπετα
1585 1721 1698 1789 καὶ
1742 1722 1918 1808 μέθυ
1962 1723 2120 1807 ἡδύ·

274 1824 417 1894 ἀλλ’
470 1829 577 1894 ὅτε
622 1830 708 1913 δή
755 1824 818 1915 ῤ’
869 1829 1171 1906 ἐνιαυτὸς
1215 1830 1364 1913 ἔην,
1408 1826 1561 1914 περὶ
1607 1823 1670 1893 δ’
1720 1831 2006 1915 ἔτραπον
2044 1825 2210 1914 ὧραι

275 1938 532 2020 [μηνῶν
568 1937 981 2021 φθινόντων,
1027 1933 1178 2023 περὶ
1216 1929 1278 2002 δ’
1319 1936 1535 2021 ἤματα
1571 1936 1789 2021 μακρὰ
1825 1934 2156 2021 τελέσθη],
2193 1953 2297 2004 470

274 2040 384 2106 καὶ
428 2044 575 2106 τότε
619 2035 689 2125 μ’
739 2040 1201 2119 ἐκκαλέσαντες
1246 2044 1420 2127 ἔφαν
1467 2041 1721 2128 ἐρίηρες
1767 2040 2041 2127 ἑταῖροι·

277 2139 618 2230 ,δαιμόνι’,
662 2148 792 2231 ἤδη
837 2156 968 2213 νῦν
1013 2150 1376 2232 μιμνήσκεο
1420 2150 1738 2235 πατρίδος
1784 2154 1961 2233 αἴης,

276 2258 345 2317 εἴ
379 2275 484 2317 τοι
528 2251 875 2338 θέσφατόν
920 2253 1060 2319 ἐστι
1105 2260 1455 2336 σαωθῆναι
1497 2252 1610 2319 καὶ
1657 2253 1920 2320 ἱκέσθαι

277 2353 465 2424 οἶκον
511 2356 578 2435 ἐς
621 2358 976 2445 ὑψόροφον
1020 2357 1132 2425 καὶ
1179 2360 1305 2442 σὴν
1352 2358 1418 2436 ἐς
1461 2363 1748 2446 πατρίδα
1791 2364 2031 2444 γαῖανὲ

365 2459 483 2544 [ὧς
508 2465 703 2549 ἔφαν,
732 2463 940 2548 αὐτὰρ
969 2462 1123 2548 ἐμοί
1140 2458 1204 2547 γ’
1239 2463 1623 2531 ἐπεπείθετο
1640 2467 1862 2550 θυμὸς
1881 2466 2164 2552 ἀγήνωρ.
2194 2483 2298 2533 476

278 2565 367 2648 ὧς
411 2572 559 2635 τότε
605 2565 728 2654 μὲν
770 2572 1035 2656 πρόπαν
1079 2564 1257 2656 ἦμαρ
1313 2569 1381 2647 ἐς
1424 2569 1651 2653 ἠέλιον
1694 2574 2069 2637 καταδύντα

276 2675 499 2760 ἤμεθα
547 2675 937 2760 δαινύμενοι
979 2672 1141 2761 κρέα
1184 2670 1242 2739 τ’
1295 2676 1544 2741 ἄσπετα
1585 2675 1698 2742 καὶ
1742 2676 1918 2761 μέθυ
1964 2677 2123 2761 ἡδύ·

273 2775 440 2866 ῆμος
484 2775 548 2846 δ’
597 2777 818 2863 ἠέλιος
859 2779 1103 2846 κατέδυ
1145 2779 1258 2846 καὶ
1304 2779 1412 2846 ἐπὶ
1456 2779 1704 2867 κνέφας
1747 2777 1989 2866 ἦλθεν,

276 2887 347 2952 οἰ
387 2882 509 2971 μὲν
552 2889 959 2972 κοιμήσαντο
1004 2888 1169 2952 κατὰ
1214 2885 1467 2972 μέγαρα
1513 2890 1863 2970 σκιόεντά]

276 2991 484 3078 αὐτὰρ
531 2991 661 3075 ἐγὼ
707 2994 960 3076 Κίρκης
1005 2991 1235 3076 ἐπιβὰς
1279 2991 1705 3079 περικαλλέος
1751 2993 1949 3076 εὐνῆς
2197 3011 2300 3060 480

274 3097 540 3179 γούνων
587 3097 1048 3181 ἐλλιτάνευσα,
1093 3100 1224 3164 θεὰ
1272 3096 1353 3163 δέ
1393 3122 1519 3183 μευ
1563 3101 1796 3163 ἔκλυεν
1842 3097 2076 3182 αὐδῆς·

277 3205 425 3283 [καί
462 3227 578 3287 μιν
622 3207 940 3289 φωνήσας
985 3205 1142 3269 ἔπεα
1185 3207 1544 3290 πτερόεντα
1587 3205 1990 3290 προσηύδων
2001 3208 2044 3285 ·]

275 3302 351 3390 ,ὦ
398 3310 648 3394 Κίρκη,
691 3308 961 3376 τέλεσόν
1006 3332 1121 3394 μοι
1163 3308 1555 3394 ὑπόσχεσιν,
1601 3309 1687 3392 ῆν
1730 3331 1856 3396 περ
1899 3309 2211 3395 ὑπέστης,

275 3414 504 3478 οἴκαδε
548 3414 985 3499 πεμψέμεναι·
1029 3416 1250 3500 θυμὸς
1296 3413 1377 3480 δέ
1416 3438 1530 3499 μοι
1574 3416 1844 3480 ἔσσυται
1888 3416 2049 3499 ἤδη,

274 3513 385 3604 ἠδ’
437 3520 657 3585 ἄλλων
702 3519 953 3607 ἑτάρων
963 3568 984 3604 ,
1033 3521 1104 3586 οἵ
1142 3544 1269 3605 μευ
1314 3521 1742 3606 φθινύθουσι
1787 3523 1988 3606 φίλον
2032 3530 2157 3606 κῆρ
2196 3538 2298 3588 486
