2646 3932
342 157 426 225 70
671 206 676 211 .
1094 167 1509 219 οΔΤΣΣΕῙΑΣ
1545 170 1626 221 Δρ

274 335 277 338 ·
338 303 410 370 ἐκ
454 305 698 389 λεχέων
743 304 810 391 μ’
863 307 1224 394 ἀνεγεῖραι,
1271 309 1694 393 ἐπιστάμεναι
1740 310 1923 395 σάφα
1966 316 2187 398 θυμῷ,
2249 327 2351 376 730

339 409 570 476 ὁππότ’
624 412 873 490 ἐκεῖνος
918 416 1035 498 ἔβη
1081 418 1315 500 κοίλην
1361 413 1468 481 ἐπὶ
1512 424 1639 499 νῆα
1685 415 2018 500 μέλαιναν.

337 519 401 583 εἰ
439 518 567 605 γὰρ
612 517 740 602 ἐγὼ
785 522 1103 604 πυθόμην
1146 522 1395 605 ταύτην
1441 520 1604 587 ὁδὸν
1649 520 2079 608 ὁρμαίνοντα·

336 631 425 712 τῷ
470 648 544 690 κε
588 623 740 709 μάλ’
793 626 835 707 ἤ
878 649 995 692 κεν
1039 628 1253 710 ἔμεινε
1297 626 1410 692 καὶ
1454 626 1816 712 ἐσσύμενός
1859 648 1982 713 περ
2030 626 2248 711 ὁδοῖο,

334 731 378 813 ἦ
421 729 500 796 κέ
540 754 618 815 με
662 736 1067 815 τεθνηκυῖαν
1113 730 1214 798 ἐνὶ
1259 735 1649 820 μεγάροισιν
1694 735 1967 798 ἔλειπεν.

334 836 502 901 ἀλλά
545 859 645 913 τις
690 836 983 923 ὀτρηρῶς
1026 840 1283 903 Δολίον
1326 837 1620 904 καλέσειε
1664 837 1977 925 γέροντα,
2249 854 2351 904 735

336 939 501 1027 δμῶ’
553 942 743 1027 ἐμόν,
790 943 870 1008 ὅν
914 966 1027 1027 μοι
1073 944 1241 1009 δῶκε
1285 946 1501 1031 πατὴρ
1547 946 1642 1009 ἔτι
1688 945 1889 1028 δεῦρο
1935 944 2202 1029 κιούσῃ,

334 1051 454 1114 καί
488 1073 601 1134 μοι
645 1058 858 1132 κῆπον
901 1050 1032 1133 ἔχει
1075 1049 1600 1134 πολυδένδρεον,
1647 1052 1824 1137 ὄφρα
1867 1050 2138 1134 τάχιστα

334 1154 595 1240 Λαέρτῃ
640 1156 797 1220 τάδε
841 1156 1054 1220 πάντα
1097 1158 1536 1241 παρεζόμενος
1580 1154 1927 1241 καταλέξῃ,

335 1264 398 1327 εἰ
439 1262 523 1345 δή
567 1262 698 1327 πού
743 1284 892 1327 τινα
936 1271 1153 1338 κεῖνος
1198 1259 1300 1327 ἐνὶ
1345 1260 1545 1348 φρεσὶ
1590 1270 1786 1346 μῆτιν
1830 1261 2094 1345 ὑφήνας

335 1367 623 1447 ἐξελθὼν
668 1372 930 1432 λαοῖσιν
973 1367 1312 1451 ὀδύρεται,
1360 1371 1433 1432 οἳ
1471 1369 1797 1452 μεμάασιν
2247 1384 2348 1433 740

334 1473 415 1539 ὃν
457 1471 569 1539 καὶ
605 1471 964 1557 Ὀδυσσῆος
1007 1479 1254 1557 φθῖσαι
1297 1475 1503 1555 γόνον
1548 1473 1952 1539 ἀντιθέοιο.“

419 1579 544 1662 τὴν
589 1576 650 1644 δ’
702 1573 858 1644 αὖτε
902 1577 1249 1665 προσέειπε
1295 1581 1459 1663 φίλη
1506 1580 1753 1664 τροφὸς
1797 1578 2198 1664 Εὐρύκλεια·

334 1685 607 1770 ,,νύμφα
653 1689 846 1769 φίλη,
893 1687 978 1749 σὺ
1023 1681 1145 1768 μὲν
1189 1685 1272 1770 ἄρ
1318 1708 1399 1769 με
1443 1685 1801 1750 κατάκτανε
1844 1682 2032 1768 νηλέι
2076 1689 2293 1772 χαλκῷ

332 1791 373 1875 ἢ
419 1793 494 1857 ἔα
540 1791 614 1857 ἐν
658 1791 948 1879 μεγάρῳ·
1012 1796 1239 1875 μῦθον
1284 1788 1366 1855 δέ
1402 1813 1508 1857 τοι
1552 1790 1676 1855 οὐκ
1721 1790 2060 1856 ἐπικεύσω.

331 1893 471 1984 ᾔδε’
524 1896 650 1981 ἐγὼ
695 1897 850 1962 τάδε
896 1897 1141 1981 πάντα,
1186 1898 1400 1983 πόρον
1447 1894 1527 1961 δέ
1559 1896 1654 1980 οἱ,
1702 1895 1869 1962 ὅσσα
1904 1894 2204 1981 κέλευεν,
2245 1912 2347 1962 745

333 2014 520 2069 σῖτον
562 2002 674 2068 καὶ
718 2002 894 2087 μέθυ
937 2002 1097 2086 ἡδύ·
1161 2002 1318 2087 ἐμεῦ
1364 1999 1427 2069 δ’
1479 2001 1661 2069 ἕλετο
1707 2001 1916 2087 μέγαν
1961 2002 2163 2087 ὅρκον

331 2110 420 2194 μὴ
465 2107 625 2196 πρὶν
671 2107 780 2174 σοὶ
826 2107 1064 2194 ἐρέειν,
1110 2106 1271 2195 πρὶν
1317 2109 1697 2193 δωδεκάτην
1741 2132 1816 2191 γε
1859 2107 2177 2192 γενέσθαι
2211 2124 2214 2127 ’

330 2214 372 2299 ἢ
420 2212 483 2280 σ’
537 2215 746 2298 αὐτὴν
790 2212 1075 2279 ποθέσαι
1121 2212 1232 2279 καὶ
1277 2212 1789 2300 ἀφορμηθέντος
1833 2213 2142 2297 ἀκοῦσαι,

331 2321 422 2398 ὡς
466 2319 550 2386 ἂν
595 2321 683 2405 μὴ
728 2323 1050 2386 κλαίουσα
1091 2320 1257 2385 κατὰ
1300 2322 1466 2403 χρόα
1509 2321 1715 2385 καλὸν
1762 2320 2008 2404 ἰάπτῃς.

332 2423 473 2491 ἀλλ’
524 2424 979 2511 ὑδρηναμένη,
1025 2425 1290 2511 καθαρὰ
1335 2427 1491 2511 χροῒ
1531 2422 1753 2508 εἵμαθ’
1807 2423 2079 2508 ἑλοῦσα,
2245 2442 2346 2491 750

329 2534 424 2609 εἰς
467 2530 711 2619 ὑπερῷ’
765 2531 1067 2613 ἀναβᾶσα
1113 2533 1241 2596 σὺν
1285 2530 1722 2615 ἀμφιπόλοισι
1765 2529 2071 2614 γυναιξὶν

329 2635 499 2724 εὔχε’
544 2636 864 2721 Ἀθηναίῃ
918 2636 1128 2720 κούρῃ
1173 2637 1342 2713 Διὸς
1386 2639 1740 2721 αἰγιόχοιο·

326 2744 368 2828 ἡ
413 2745 541 2828 γάρ
584 2741 700 2808 κέν
744 2767 860 2827 μιν
905 2744 1125 2807 ἔπειτα
1169 2740 1280 2806 καὶ
1325 2741 1397 2806 ἐκ
1439 2743 1762 2807 θανάτοιο
1810 2743 2079 2808 σαώσαι.

328 2846 493 2934 μηδὲ
538 2847 819 2933 γέροντα
863 2841 1072 2914 κάκου
1114 2845 1602 2930 κεκακωμένον·
1666 2847 1749 2913 οὐ
1792 2848 1920 2934 γὰρ
1966 2847 2085 2913 ὀίω

327 2957 544 3039 πάγχυ
587 2960 776 3031 θεοῖς
821 2954 1184 3038 μακάρεσσι
1227 2953 1439 3035 γονὴν
1478 2949 1928 3038 Ἀρκεισιάδαο
2242 2970 2342 3020 755

327 3058 628 3145 ἔχθεσθ’,
675 3056 819 3125 ἀλλ’
872 3061 969 3125 ἔτι
1012 3060 1145 3125 πού
1191 3081 1290 3136 τις
1336 3055 1706 3141 ἐπέσσεται,
1752 3057 1826 3135 ὅς
1868 3081 1985 3123 κεν
2029 3061 2256 3145 ἔχῃσιν

328 3166 596 3251 δώματά
639 3163 712 3231 θ’
764 3163 1101 3250 ὑψερεφέα
1143 3162 1255 3230 καὶ
1300 3164 1639 3247 ἀπόπροθι
1681 3166 1917 3241 πίονας
1962 3164 2271 3249 ἀγρούς.“

416 3265 506 3350 ὧς
550 3272 753 3357 φάτο,
798 3279 916 3355 τῆς
961 3268 1023 3337 δ’
1076 3271 1315 3354 εὔνησε
1360 3272 1554 3353 γόον,
1602 3268 1803 3354 σχέθε
1840 3267 1903 3335 δ’
1945 3271 2102 3336 ὄσσε
2136 3272 2340 3355 γόοιο.

325 3377 368 3462 ἡ
416 3374 478 3443 δ’
528 3376 986 3462 ὑδρηναμένη,
1031 3377 1298 3463 καθαρὰ
1342 3378 1497 3462 χροῒ
1537 3373 1761 3460 εἵμαθ’
1813 3373 2058 3442 ἑλοῦσα

327 3484 422 3561 εἰς
465 3481 709 3573 ὑπερῷ’
763 3482 1071 3568 ἀνέβαινε
1119 3485 1247 3549 σὺν
1292 3481 1732 3568 ἀμφιπόλοισι
1774 3481 2112 3566 γυναιξίν,
2238 3498 2340 3548 760
