2646 3932
370 188 498 253 178
1120 190 1536 243 οΔΤΣΣΕΙΑΣ
1572 192 1641 240 Α.

368 327 512 397 ἀλλ’
564 331 601 400 ὁ
645 328 768 417 μὲν
813 331 887 397 ἐν
934 334 1122 416 Θήβῃ
1167 332 1564 419 πολυηράτῳ
1610 332 1813 413 ἄλγεα
1854 330 2127 414 πάσχων
2286 346 2400 395 275

369 440 724 523 Καδμείων
766 438 1016 520 ἤνασσε
1058 444 1242 503 θεῶν
1288 436 1487 514 ὀλοὰς
1533 438 1645 502 διὰ
1690 436 1965 519 βουλάς·

367 542 409 627 ἡ
457 541 519 610 δ’
571 546 688 628 ἒβη
734 546 829 621 εἰς
867 542 1090 609 Ἀίδαο
1144 544 1482 629 πυλάρταο
1528 552 1906 629 κρατεροῖο,

368 648 669 734 ἁψαμένη
719 652 967 735 βρόχον
1012 651 1216 715 αἰπὺν
1261 647 1380 734 ἀφ’
1430 648 1717 733 ὑψηλοῖο
1763 648 2139 732 μελάθρου,

368 746 422 844 ᾧ
467 756 614 840 ἄχει·
655 754 943 841 σχομένη
962 776 979 793 ·
1056 764 1150 844 τῷ
1197 753 1259 821 δ’
1312 756 1516 839 ἄλγεα
1559 750 1820 820 κάλλιπ’
1873 751 2124 817 ὀπίσσω

366 862 581 927 πολλὰ
624 859 805 946 μάλ’,
851 861 1019 927 ὅσσα
1039 868 1132 927 ’τε
1177 862 1423 945 μητρὸς
1468 858 1726 946 ἐρινύες
1770 855 2204 924 ἐκτελέουσιν.
2289 874 2403 923 ⁶28¹)

454 965 565 1032 καὶ
613 971 877 1054 Χλῶριν
923 962 1109 1033 εἶδον
1153 965 1579 1053 περικαλλέα,
1628 968 1752 1050 τήν
1796 985 1955 1029 ποτε
2001 962 2271 1047 Νηλεὺς

366 1081 576 1156 γῆμεν
621 1072 734 1139 ἑὸν
780 1074 893 1139 διὰ
936 1074 1206 1156 κάλλος,
1253 1071 1397 1138 ἐπεὶ
1442 1073 1607 1158 πόρε
1653 1072 1861 1157 μυρία
1906 1068 2097 1152 ἕδνα,

369 1177 740 1262 ὁπλοτάτην
784 1180 1037 1264 κούρην
1074 1177 1432 1264 Ἀμφίονος
1471 1175 1792 1259 Ἰασίδαο,

370 1283 443 1361 ὃς
486 1281 632 1349 ποτ’
685 1283 760 1349 ἐν
799 1283 1165 1373 Ὀρχομενῷ
1211 1287 1522 1373 Μινυείῳ
1571 1279 1676 1368 ἶφι
1721 1284 2038 1349 ἄνασσεν·

366 1389 409 1473 ἡ
457 1385 531 1454 δὲ
579 1389 816 1455 Πύλου
861 1393 1202 1474 βασίλευε,
1246 1388 1435 1456 τέκεν
1480 1387 1560 1455 δέ
1600 1389 1672 1454 οἱ
1710 1388 1923 1471 ἀγλαὰ
1965 1385 2195 1470 τέκνα,
2288 1404 2400 1453 285

368 1493 677 1581 Νέστορά
718 1518 789 1560 τε
836 1498 1134 1583 Χρομίον
1175 1518 1247 1560 τε
1294 1496 1796 1580 Περικλύμενόν
1839 1491 1897 1559 τ’
1951 1491 2307 1577 ἀγέρωχον.

367 1610 542 1665 τοῖσι
587 1596 649 1664 δ’
702 1597 803 1664 ἐπ’
858 1601 1150 1685 ἰφθίμην
1197 1601 1404 1686 Πηρὼ
1447 1598 1623 1683 τέκε,
1668 1605 1901 1683 θαῦμα
1946 1601 2320 1685 βροτοῖσιν,

368 1706 491 1788 τὴν
535 1705 776 1782 πάντες
820 1706 1123 1790 μνώοντο
1169 1708 1562 1790 περικτίται·
1609 1702 1756 1770 οὐδ’
1810 1706 1939 1791 ἄρα
1984 1706 2252 1788 Νηλεὺς

368 1819 459 1900 τῷ
506 1810 765 1894 ἐδίδου,
812 1810 885 1888 ὃς
930 1813 1016 1896 μὴ
1063 1810 1282 1889 ἕλικας
1326 1813 1488 1894 βόας
1532 1810 2037 1897 εὐρυμετώπους

370 1916 442 1983 ἐκ
493 1918 804 2002 Φυλάκης
849 1916 1100 1984 ἐλάσειε
1145 1920 1294 2003 βίης
1334 1915 1730 2002 Ἰφικληείης
2288 1933 2397 1983 290

370 2022 708 2110 ἀργαλέας.
797 2025 915 2101 τὰς
961 2022 1023 2089 δ’
1077 2019 1218 2102 οἷος
1262 2023 1582 2108 ὑπέσχετο
1627 2025 1859 2108 μάντις
1905 2022 2187 2107 ἀμύμων

370 2130 667 2210 ἐξελάαν·
711 2130 960 2213 χαλεπὴ
1010 2126 1083 2195 δὲ
1128 2135 1299 2195 θεοῦ
1344 2131 1511 2195 κατὰ
1554 2139 1754 2215 μοῖρα
1797 2127 2115 2213 πέδησεν,

370 2237 609 2320 δεσμοί
645 2233 703 2301 τ’
756 2234 1068 2320 ἀργαλέοι
1111 2233 1223 2300 καὶ
1266 2237 1581 2319 βουκόλοι
1626 2235 1999 2319 ἀγροιῶται.

370 2339 513 2408 ἀλλ’
566 2341 673 2407 ὅτε
721 2342 803 2425 δὴ
849 2339 1050 2426 μῆνές
1092 2364 1164 2406 τε
1207 2339 1320 2406 καὶ
1364 2339 1600 2425 ἡμέραι
1646 2339 2055 2419 ἐξετελεῦντο

370 2446 463 2527 ἂψ
505 2445 1055 2533 περιτελλομένου
1098 2448 1277 2524 ἔτεος
1329 2445 1441 2512 καὶ
1486 2446 1830 2530 ἐπήλυθον
1874 2441 2072 2532 ὧραι,
2285 2462 2396 2512 295

368 2552 479 2620 καὶ
521 2555 668 2619 τότε
714 2554 799 2636 δή
844 2576 961 2637 μιν
1005 2554 1199 2617 ἔλυσε
1241 2554 1355 2636 βίη
1397 2550 1752 2636 Ἰφικληείη

370 2658 679 2745 θέσφατα
723 2654 914 2723 πάντ’
968 2660 1268 2740 εἰπόντα,
1314 2658 1483 2734 Διὸς
1528 2654 1591 2721 δ’
1643 2655 1954 2723 ἐτελείετο
1999 2660 2228 2741 βουλή.

455 2762 566 2829 καὶ
609 2765 846 2848 Λήδην
891 2758 1076 2829 εἶδον
1129 2764 1253 2847 τὴν
1305 2761 1693 2849 Τυνδαρέου
1737 2763 2158 2849 παράκοιτιν,

368 2872 412 2955 ἥ
457 2868 519 2957 ῤ’
570 2869 701 2935 ὑπὸ
754 2868 1111 2958 Τυνδαρέῳ
1157 2871 1649 2955 κρατερόφρονε
1691 2871 1958 2951 γείνατο
2002 2871 2226 2952 παῖδε,

375 2977 682 3061 Κάστορά
707 2973 780 3040 θ’
816 2976 1193 3060 ἱππόδαμον
1217 2973 1330 3040 καὶ
1355 2974 1482 3054 πὺξ
1516 2974 1776 3058 ἀγαθὸν
1796 2976 2254 3058 Πολυδεύκεα,
2284 2992 2394 3042 300

368 3085 526 3159 τοὺς
570 3083 768 3166 ἄμφω
818 3083 1022 3159 ζωοὺς
1065 3078 1319 3165 κατέχει
1365 3082 1682 3165 φυσίζοος
1725 3075 1865 3145 αἶα·

371 3192 443 3254 οἳ
477 3186 590 3253 καὶ
634 3185 879 3272 νέρθεν
924 3194 1044 3269 γῆς
1087 3187 1285 3270 τιμὴν
1330 3187 1495 3270 πρὸς
1543 3186 1757 3268 Ζηνὸς
1802 3187 2061 3268 ἔχοντες
2163 3221 2166 3228 ·

372 3294 604 3358 ἄλλοτε
651 3287 773 3376 μὲν
819 3289 1052 3370 ζώουσ’
1105 3288 1506 3375 ἑτερήμεροι,
1553 3291 1785 3356 ἄλλοτε
1831 3287 1894 3355 δ’
1946 3284 2102 3356 αὖτε

370 3406 716 3465 τεθνᾶσιν·
759 3399 957 3482 τιμὴν
1002 3394 1077 3463 δὲ
1123 3400 1515 3484 λελόγχασιν
1562 3392 1672 3462 ἶσα
1716 3403 1995 3463 θεοῖσιν.

458 3506 582 3588 τὴν
628 3501 701 3570 δὲ
746 3502 882 3589 μετ’
928 3502 1328 3589 Ἰφιμέδειαν
1375 3502 1660 3586 Ἀλωῆος
1703 3504 2094 3590 παράκοιτιν
2281 3520 2391 3570 305
