2646 3932
944 179 1360 231 οΔΤΣΣΕῐΑΣ
1396 181 1468 234 11.
2137 177 2222 241 29

202 322 655 404 καρπαλίμως·
719 320 757 386 ὁ
803 318 865 385 δ’
917 323 1141 387 ἔπειτα
1184 320 1323 406 μετ’
1377 328 1555 408 ἴχνια
1600 325 1789 405 βαῖνε
1832 327 2041 388 θεοῖο.

202 424 411 510 αὐτὰρ
460 425 608 491 ἐπεί
646 423 709 510 ῤ’
764 423 871 492 ἐπὶ
913 435 1045 510 νῆα
1088 429 1474 511 κατήλυθον
1517 422 1637 510 ἠδὲ
1679 428 2064 510 θάλασσαν,

201 524 404 616 εὗρον
449 530 647 599 ἔπειτ’
701 529 809 599 ἐπὶ
851 529 1002 598 θινὶ
1045 533 1212 617 κάρη
1258 535 1641 618 κομόωντας
1685 531 2003 618 ἑταίρους.

199 646 373 702 τοῖσι
420 633 494 703 δὲ
537 635 648 704 καὶ
694 635 981 724 μετέειφ’
1035 638 1176 722 ίερὴ
1223 639 1284 716 ἲς
1339 639 1774 724 Τηλεμάχοιο·

201 744 467 825 ,,δεῦτε,
514 745 732 827 φίλοι,
777 742 892 826 ἤια
938 745 1329 829 φερώμεθα·
1373 744 1589 810 πάντα
1631 746 1760 831 γάρ
1805 745 1933 830 ἤδη
2118 762 2224 812 410

201 845 398 933 ἁθρό’
453 844 555 914 ἐνὶ
599 847 881 938 μεγάρῳ.
972 850 1185 935 μήτηρ
1233 847 1294 915 δ’
1349 849 1470 935 έμὴ
1517 850 1602 916 οὔ
1644 873 1710 915 τι
1752 849 2107 935 πέπυσται,

201 951 349 1019 οὐδ’
404 954 598 1019 ἄλλαι
643 955 889 1039 δμωαί,
935 958 1053 1039 μία
1098 953 1161 1021 δ’
1213 961 1321 1040 οἴη
1369 962 1596 1040 μῦθον
1641 957 1991 1023 ἄκουσεν.“

289 1055 378 1137 ὥς
424 1061 553 1143 ἄρα
598 1062 916 1144 φωνήσας
958 1059 1284 1145 ἡγήσατο,
1330 1059 1435 1128 τοὶ
1481 1059 1543 1128 δ’
1596 1059 1708 1147 ἅμ’
1760 1061 2019 1131 ἕποντο.

202 1167 273 1231 ot
314 1164 374 1232 δ’
427 1167 556 1251 ἄρα
600 1166 815 1231 πάντα
861 1164 1178 1251 φέροντες
1222 1166 1560 1257 ἐυσσέλμῳ
1607 1166 1713 1234 ἐπὶ
1758 1166 1872 1254 νηὶ

202 1271 568 1356 κάτθεσαν,
615 1271 706 1349 ὡς
749 1269 1094 1338 ἐκέλευσεν
1132 1268 1493 1355 Ὀδυσσῆος
1539 1274 1735 1355 φίλος
1778 1273 1941 1351 υίός.
2119 1290 2225 1341 415

203 1377 287 1444 ἂν
334 1373 398 1443 δ’
450 1377 580 1462 ἄρα
632 1374 1011 1462 Τηλέμαχος
1054 1378 1216 1461 νηὸς
1260 1373 1468 1461 βαῖν’,
1513 1372 1672 1462 ἦρχε
1720 1375 1782 1443 δ’
1828 1375 2108 1465 Ἀθήνη,

201 1480 316 1567 νηὶ
363 1479 425 1548 δ’
478 1479 580 1548 ἐνὶ
623 1491 891 1568 πρυμνῇ
935 1479 1078 1548 κατ’
1131 1479 1237 1568 ἄρ’
1287 1480 1493 1561 ἕζετο·
1557 1483 1709 1569 ἄγχι
1755 1481 1816 1549 δ’
1870 1483 1975 1570 ἄρ’
2024 1486 2226 1569 αὐτῆς

202 1589 377 1669 ἕζετο
432 1585 823 1673 Τηλέμαχος.
914 1585 1020 1654 τοὶ
1065 1584 1140 1654 δὲ
1183 1584 1544 1673 πρυμνήσι’
1595 1590 1870 1673 ἔλυσαν,

203 1695 289 1762 ἂν
335 1692 407 1761 δὲ
451 1692 564 1761 καὶ
609 1692 802 1761 αὐτοὶ
845 1696 1082 1778 βάντες
1125 1691 1232 1760 ἐπὶ
1275 1697 1497 1777 κληῖσι
1541 1699 1837 1775 καθῖζον.

204 1812 422 1868 τοῖσιν
468 1798 531 1867 δ’
586 1806 857 1886 ἴκμενον
903 1795 1112 1886 οὖρον
1156 1801 1244 1866 ἵει
1286 1804 1666 1884 γλαυκῶπις
1703 1798 1985 1887 Ἀθήνη,
2122 1818 2228 1867 420

205 1908 415 1994 ἀκραῆ
464 1906 809 1995 Ζέφυρον,
854 1902 1198 1973 κελάδοντ’
1248 1903 1359 1974 ἐπὶ
1404 1912 1645 1973 οἴνοπα
1688 1909 1955 1975 πόντον.

214 2013 588 2100 Τηλέμαχος
635 2013 697 2080 δ’
750 2011 1085 2099 ἑτάροισιν
1130 2012 1496 2099 ἐποτρύνας
1540 2011 1883 2080 ἐκέλευσεν

168 2121 430 2186 ’ὅπλων
475 2121 830 2185 ἅπτεσθαι·
890 2116 996 2185 τοὶ
1041 2116 1104 2184 δ’
1156 2117 1558 2206 ὀτρύνοντος
1602 2120 1915 2186 ἄκουσαν.

207 2228 393 2293 ἰστὸν
438 2223 501 2291 δ’
553 2226 886 2292 εἰλάτινον
929 2228 1157 2308 κοίλης
1201 2227 1482 2293 ἔντοσθε
1526 2227 1861 2310 μεσόδμης

206 2339 458 2415 στῆσαν
504 2330 870 2416 ἀείραντες,
914 2331 1079 2396 κατὰ
1126 2326 1199 2396 δὲ
1243 2334 1674 2416 προτόνοισιν
1718 2333 1994 2415 ἔδησαν,
2122 2349 2229 2397 425

206 2436 403 2503 ἕλκον
449 2435 511 2502 δ’
565 2437 741 2502 ίστία
785 2437 987 2502 λευκὰ
1032 2435 1492 2522 ἐυστρέπτοισι
1535 2439 1825 2522 βοεῦσιν.

207 2546 492 2629 ἔπρησεν
538 2540 601 2608 δ’
653 2544 894 2627 ἄνεμος
938 2539 1145 2626 μέσον
1191 2542 1435 2626 ίστίον,
1481 2539 1655 2627 ἀμφὶ
1700 2538 1775 2608 δὲ
1817 2551 1994 2628 κῦμα

207 2652 432 2734 στείρῃ
477 2649 864 2734 πορφύρεον
908 2645 1137 2733 μεγάλ’
1190 2654 1333 2732 ἴαχε
1376 2648 1538 2731 νηὸς
1583 2648 1841 2733 ἰούσης·

207 2755 248 2839 ἡ
296 2752 358 2821 δ’
411 2756 606 2821 ἔθεεν
649 2755 814 2820 κατὰ
856 2762 1033 2838 κῦμα
1079 2754 1583 2839 διαπρήσσουσα
1626 2752 1971 2820 κέλευθον.

209 2860 571 2946 δησάμενοι
617 2856 680 2925 δ’
734 2860 883 2945 ἄρα.
905 2859 1078 2925 ὅπλα
1120 2858 1299 2942 θοὴν
1345 2858 1474 2924 ἀνὰ
1515 2867 1649 2942 νῆα
1691 2857 2011 2944 μέλαιναν
2122 2878 2229 2927 430

207 2968 534 3051 στήσαντο
577 2972 907 3068 κρητῆρας
951 2962 1338 3050 ἐπιστεφέας
1383 2970 1627 3047 οἰνοιο,

208 3074 434 3155 λεῖβον
480 3067 543 3136 δ’
596 3070 996 3137 ἀθανάτοισι
1037 3076 1229 3148 θεοῖς
1273 3066 1778 3154 αἰειγενέτῃσιν,

208 3178 280 3245 ἐκ
324 3176 593 3241 πάντων
639 3172 713 3242 δὲ
757 3177 1039 3261 μάλιστα
1081 3177 1251 3253 Διὸς
1294 3175 1708 3259 γλαυκώπιδι
1749 3176 1979 3260 κούρῃ.

296 3284 629 3367 παννυχίη
674 3279 798 3367 μέν
842 3279 905 3368 ῤ’
957 3281 1000 3365 ἥ
1045 3304 1120 3365 γε
1163 3278 1277 3347 καὶ
1320 3280 1418 3363 ἠῶ
1463 3289 1649 3364 πεῖρε
1693 3278 2050 3365 κέλευθον,
