2646 3932
927 174 1342 226 οΔΤΣΣΕῙΑΣ
1380 176 1498 226 xn.
1707 154 1722 171 '
2113 169 2232 232 191

221 315 262 399 ἣ
311 314 470 394 ἁλὸς
517 315 559 399 ἢ
607 312 714 381 ἐπὶ
757 325 879 399 γῆς
924 315 1238 400 ἀλγήσετε
1283 324 1467 401 πῆμα
1509 315 1881 392 παθόντες.ι

311 417 400 499 ὧς
445 416 674 507 ἔφαθ’,
719 421 880 506 ἡμῖν
927 419 989 487 δ’
1042 416 1187 487 αὖτ’
1239 421 1624 489 ἐπεπείθετο
1670 422 1889 505 θυμὸς
1934 418 2222 503 ἀγήνωρ.

223 522 311 605 ὧς
352 528 499 592 τότε
543 524 664 612 μὲν
707 530 971 614 πρόπαν
1015 523 1191 614 ἦμαρ
1247 527 1314 606 ές
1358 526 1586 611 ἠέλιον
1629 526 2004 594 καταδύντα

221 633 440 718 ἥμεθα
484 634 872 718 δαινύμενοι
915 633 1075 720 κρέα
1120 628 1179 699 τ’
1230 636 1477 701 ἄσπετα
1520 633 1631 701 καὶ
1676 632 1852 719 μέθυ
1896 632 2055 716 ἡδύ·
2174 647 2242 695 30

221 733 387 822 ἦμος
432 736 493 804 δ’
545 738 764 822 ἠέλιος
806 739 1048 806 κατέδυ
1091 738 1203 806 καὶ
1248 738 1357 807 ἐπὶ
1400 740 1650 826 κνέφας
1694 735 1937 823 ἦλθεν,

223 843 295 908 οί
333 838 454 927 μὲν
495 847 899 930 κοιμήσαντο
945 847 1125 933 παρὰ
1169 848 1555 932 πρυμνήσια
1599 849 1790 930 νηός,

221 947 263 1031 ἡ
311 946 373 1014 δ’
425 947 537 1035 ἐμὲ
580 953 798 1038 χειρὸς
841 950 1084 1018 ἑλοῦσα
1127 955 1348 1038 φίλων
1393 951 1771 1037 ἀπονόσφιν
1815 950 2092 1037 ἑταίρων

222 1046 363 1120 εἷσέ
401 1078 472 1121 τε
515 1055 626 1122 καὶ
670 1056 1065 1144 προσέλεκτο
1119 1056 1230 1124 καὶ
1274 1056 1632 1144 ἐξερέεινεν
1677 1057 1942 1123 ἕκαστα·

223 1160 432 1247 αὐτὰρ
478 1160 605 1244 ἐγὼ
650 1171 731 1249 τῇ
776 1165 990 1229 πάντα
1032 1164 1198 1230 κατὰ
1242 1174 1486 1250 μοῖραν
1529 1162 1852 1243 κατέλεξα.
2173 1178 2242 1227 35

221 1265 335 1332 καὶ
376 1268 522 1333 τότε
570 1269 654 1353 δή
698 1267 766 1355 μ’
820 1269 1078 1336 ἐπέεσσι
1121 1272 1472 1357 προσηύδα
1515 1272 1753 1337 πότνια
1796 1272 2040 1353 Κίρκη·

225 1380 451 1455 ,ταῦτα
494 1370 616 1458 μὲν
660 1374 833 1441 οὕτω
877 1376 1091 1441 πάντα
1134 1379 1589 1462 πεπείρανται,
1636 1379 1720 1442 σὺ
1767 1377 1808 1440 δ
1812 1370 1836 1397 '
1878 1375 2199 1455 ἄκουσον,

226 1478 315 1555 ὥς
356 1501 461 1543 τοι
505 1477 677 1562 έγὼν
722 1478 913 1565 έρέω,
958 1483 1195 1565 μνήσει
1242 1480 1322 1547 δέ
1364 1497 1438 1547 σε
1482 1478 1598 1547 καὶ
1641 1482 1803 1558 θεὸς
1848 1479 2061 1556 αὐτός.

312 1587 644 1670 Σειρῆνας
685 1581 808 1670 μὲν
851 1597 1115 1672 πρῶτον
1161 1585 1456 1671 ἀφίξεαι,
1504 1586 1580 1651 αἴ
1620 1587 1705 1671 ῥά
1749 1609 1818 1651 τε
1862 1586 2113 1663 πάντας

225 1689 626 1776 ἀνθρώπους
665 1689 1060 1774 θέλγουσιν,
1106 1691 1144 1756 δ
1187 1689 1264 1756 τέ
1304 1707 1514 1775 σφεας
1558 1694 1992 1776 εἰσαφίκηται.
2175 1708 2244 1756 4ο

223 1796 298 1873 ὃς
339 1819 440 1873 τις
484 1796 741 1882 ἀιδρείῃ
787 1796 1038 1881 πελάσῃ
1083 1793 1195 1861 καὶ
1242 1798 1556 1880 φθόγγον
1602 1795 1853 1882 ἀκούσῃ

222 1903 603 1987 Σειρήνων,
649 1909 739 1990 τῷ
786 1899 848 1966 δ’
902 1901 985 1966 οὕ
1030 1923 1093 1965 τι
1136 1902 1308 1986 γυνὴ
1355 1900 1467 1968 καὶ
1511 1905 1715 1987 νήπια
1760 1901 1957 1968 τέκνα

226 2009 451 2073 οἴκαδε
493 2009 892 2090 νοστήσαντι
936 2010 1328 2092 παρίσταται
1374 2006 1534 2075 οὐδὲ
1577 2010 1932 2092 γάνυνται,

227 2111 393 2178 ἀλλά
435 2135 506 2177 τε
549 2117 868 2199 Σειρῆνες
911 2118 1149 2199 λιγυρῇ
1193 2112 1560 2196 θέλγουσιν
1606 2114 1800 2201 ἀοιδῇ

225 2219 462 2303 ἥμεναι
506 2217 580 2284 έν
625 2223 925 2303 λειμῶνι,
970 2222 1180 2297 πολὺς
1224 2214 1287 2285 δ’
1340 2217 1504 2305 ἀμφ’
1557 2221 1871 2306 ὀστεόφιν
1915 2219 2031 2300 θὶς
2175 2239 2244 2288 45

227 2323 494 2411 ἀνδρῶν
536 2324 970 2410 πυθομένων,
1016 2322 1168 2410 περὶ
1214 2322 1288 2391 δὲ
1336 2325 1513 2413 ῥινοὶ
1558 2328 1984 2412 μινύθουσιν.

227 2430 392 2497 ἀλλὰ
435 2432 868 2518 παρεξελάαν,
915 2430 1022 2498 ἐπὶ
1069 2426 1131 2497 δ’
1183 2427 1369 2498 οὔατ’
1420 2432 1686 2512 ἀλεῖψαι
1730 2432 2011 2521 ἑταίρων

222 2539 432 2624 κηρὸν
476 2538 768 2622 δεψήσας
810 2535 1153 2622 μελιηδέα,
1197 2540 1288 2623 μή
1332 2561 1434 2616 τις
1479 2538 1730 2625 ἀκούσῃ

222 2655 357 2710 τῶν
403 2645 649 2709 ἄλλων·
694 2643 858 2729 ἀτὰρ
904 2643 1103 2721 αὐτὸς
1149 2643 1504 2730 ἀκουέμεν,
1551 2652 1629 2711 αἶ
1664 2642 1725 2710 κ’
1778 2644 2146 2731 ἐθέλῃσθα·

224 2751 572 2834 δησάντων
617 2746 680 2815 σ’
733 2748 807 2815 ἐν
852 2747 964 2835 νηὶ
1007 2755 1142 2835 θοῇ
1187 2751 1413 2834 χεῖράς
1455 2773 1526 2815 τε
1571 2751 1780 2827 πόδας
1822 2772 1892 2814 τε
2174 2767 2243 2816 50

223 2856 435 2941 ὀρθὸν
480 2854 555 2921 έν
601 2853 914 2941 ἱστοπέδῃ
925 2903 945 2938 ,
991 2853 1064 2920 ἐκ
1109 2851 1171 2920 δ’
1225 2855 1435 2920 αὐτοῦ
1479 2853 1732 2940 πείρατ’
1787 2853 2108 2939 ἀνήφθω,

224 2962 400 3046 ὄφρα
442 2985 515 3027 κε
559 2964 960 3048 τερπόμενος
1004 2957 1112 3026 ὄπ’
1164 2959 1456 3045 ἀκούσῃς
1499 2962 1904 3046 Σειρήνοιιν.

223 3069 288 3132 εἰ
328 3065 407 3131 δέ
443 3090 517 3132 κε
563 3071 827 3152 λίσσηαι
873 3065 1148 3152 ἑτάρους
1194 3068 1400 3131 λῦσαί
1434 3089 1505 3131 τε
1550 3065 1850 3150 κελεύῃς,

222 3173 293 3238 οί
331 3170 413 3237 δέ
453 3167 516 3237 σ’
565 3176 661 3239 ἔτι
704 3176 1053 3239 πλεόνεσσι
1096 3169 1232 3238 τότ’
1286 3171 1361 3238 έν
1408 3173 1710 3256 δεσμοῖσι
1757 3168 2093 3237 διδέντων.

309 3278 518 3364 αὐτὰρ
565 3278 730 3364 ἐπὴν
778 3279 861 3363 δὴ
906 3280 1024 3356 τάς
1068 3302 1144 3362 γε
1188 3277 1722 3363 παρεξελάσωσιν
1769 3276 2046 3362 ἑταῖροι,
2173 3295 2241 3344 55

219 3385 389 3450 ἔνθα
432 3407 538 3450 τοι
583 3382 796 3451 οὐκέτ’
848 3387 1069 3450 ἔπειτα
1115 3383 1470 3467 διηνεκέως
1514 3382 1887 3470 ἀγορεύσω,

219 3487 549 3575 ὁπποτέρη
595 3490 680 3573 δή
723 3512 829 3556 τοι
874 3488 1030 3567 ὁδὸς
1074 3490 1363 3571 ἔσσεται,
1411 3488 1578 3554 ἀλλά
1620 3485 1732 3553 καὶ
1776 3488 1975 3567 αὐτὸς
