2646 3932
376 202 452 262 14
1109 201 1525 253 ΟΔΤΣΣΕΙΑΣ
1561 202 1624 251 A.

366 344 447 409 οὐ
494 340 614 427 μὲν
658 344 786 428 γάρ
829 366 894 409 τι
936 345 1140 409 κακὸν
1185 341 1643 427 βασιλευέμεν·
1707 336 1871 417 αἶψά
1913 339 1989 407 τέ
2029 343 2102 407 οἱ
2141 342 2236 407 δῶ

367 449 646 534 ἀφνειὸν
690 447 951 515 πέλεται
995 448 1105 515 καὶ
1147 446 1566 533 τιμηέστερος
1612 447 1825 523 αὐτός.

367 553 508 620 ἀλλ’
561 551 602 638 ἦ
649 579 752 621 τοι
798 558 1109 639 βασιλῆες
1147 553 1426 638 Ἀχαιῶν
1470 552 1600 619 εἰσὶ
1644 551 1754 619 καὶ
1800 553 1990 619 ἄλλοι

364 660 602 728 πολλοὶ
648 660 722 726 έν
767 661 1076 748 ἀμφιάλφ
1118 657 1375 745 Ἰθάκῃ,
1421 658 1564 725 νέοι
1609 655 1727 744 ἠδὲ
1773 662 2073 742 παλαιοί,
2281 678 2384 727 395

364 779 498 834 τῶν
543 766 657 832 κέν
700 791 799 844 τις
843 764 984 830 τόδ’
1038 768 1293 851 ἔχῃσιν,
1344 764 1483 831 ἐπεὶ
1528 767 1697 832 θάνε
1745 768 1888 843 δῖος
1927 764 2308 844 Ὀδυσσεύς·

367 875 573 956 αὐτὰρ
620 873 791 956 ἐγὼν
837 879 1047 938 οἴκοιο
1094 872 1256 951 ἄναξ
1302 869 1484 956 ἔσομ’
1535 870 1878 958 ἡμετέροιο

365 978 474 1045 καὶ
521 981 790 1063 δμώων,
838 979 957 1055 οὕς
1001 1000 1113 1062 μοι
1159 981 1474 1062 ληίσσατο
1520 979 1665 1054 δῖος
1703 976 2120 1055 Ὀδυσσεύς.“

454 1087 572 1150 τὸν
617 1083 678 1150 δ’
731 1079 874 1150 αὖτ’
918 1084 1313 1169 Εὐρύμαχος
1354 1085 1672 1168 Πολύβου
1715 1085 1869 1162 πάις
1916 1084 2146 1150 ἀντίον
2182 1085 2384 1166 ηὔδα·

369 1189 768 1276 ,,Τηλε’μαχ’,
814 1186 855 1274 ἦ
900 1213 1005 1255 τοι
1049 1199 1254 1255 ταῦτα
1297 1195 1482 1256 θεῶν
1528 1190 1601 1257 ἐν
1645 1192 1928 1274 γούνασι
1973 1201 2200 1273 κεῖται,
2281 1209 2385 1257 400

369 1299 441 1375 ὅς
483 1321 583 1373 τις
629 1296 702 1362 έν
749 1296 1057 1385 ἀμφιάλῳ
1099 1294 1327 1382 Ἰθάκῃ
1372 1298 1751 1381 βασιλεύσει
1789 1295 2092 1380 Ἀχαιῶν·

367 1406 656 1487 κτήματα
702 1400 763 1467 δ’
817 1401 1015 1478 αὐτὸς
1060 1403 1233 1485 ἔχοις
1277 1401 1388 1468 καὶ
1433 1403 1734 1486 δώμασιν
1780 1395 1957 1469 οἶσιν
2002 1402 2332 1482 ἀνάσσοις.

368 1510 455 1595 μὴ
501 1511 628 1594 γὰρ
676 1508 712 1573 ὅ
757 1506 820 1592 γ’
873 1511 1064 1573 ἔλθοι
1110 1507 1309 1592 ἀνήρ,
1353 1508 1425 1585 ὅς
1470 1512 1569 1586 τίς
1614 1507 1676 1574 σ’
1730 1507 2006 1575 ἀέκοντα
2050 1512 2288 1594 βίηφιν

368 1614 632 1700 κτήματ’
689 1614 1105 1700 ἀπορραίσει,
1146 1612 1410 1699 Ἰθάκης
1454 1618 1550 1680 ἔτι
1593 1615 2009 1699 ναιετοώσης.

370 1721 509 1787 ἀλλ’
564 1721 774 1787 ἐθέλω
821 1737 925 1803 σε,
974 1719 1271 1804 φέριστε,
1317 1718 1467 1806 περὶ
1515 1721 1755 1800 ξείνοιο
1803 1720 2104 1808 ἐρέσθαι,
2284 1741 2389 1790 405

371 1829 668 1894 ὁππόθεν
715 1822 911 1903 οὗτος
956 1826 1151 1911 ἀνήρ·
1215 1829 1411 1910 ποίης
1456 1824 1518 1891 δ’
1572 1826 1637 1906 ἐξ
1683 1829 1940 1912 εὔχεται
1985 1824 2158 1894 εἶναι

369 1939 583 2021 γαίης;
632 1942 763 2000 ποῦ
811 1932 890 2000 δέ
930 1934 1015 1998 νύ
1063 1933 1134 1999 oc
1172 1933 1366 2016 γενεὴ
1413 1930 1523 1999 καὶ
1567 1931 1800 2017 πατρὶς
1846 1933 2127 2020 ἅρουρα;

376 2042 450 2126 ἠέ
488 2039 612 2107 τιν’
666 2040 981 2123 ἀγγελίην
1025 2041 1271 2125 πατρὸς
1315 2038 1503 2124 φέρει
1550 2039 1963 2125 ἐρχομένοιο,

369 2145 409 2232 ἦ
458 2147 570 2213 ἑὸν
615 2147 821 2212 αὐτοῦ
867 2156 1084 2232 χρεῖος
1130 2145 1514 2230 ἐελδόμενος
1557 2144 1698 2212 τόδ’
1752 2147 1988 2223 ἱκάνεις

372 2247 518 2320 οἷον
564 2254 832 2332 ἀναΐξας
877 2254 1059 2337 ἄφαρ
1106 2259 1379 2336 οἰχεται,
1426 2250 1572 2319 οὐδ’
1591 2237 1596 2241 ’
1624 2252 1974 2336 ὑπέμεινεν
2285 2272 2390 2321 410

371 2361 730 2443 γνώμεναι·
777 2358 860 2423 οὐ
905 2354 1027 2441 μὲν
1071 2360 1197 2443 γάρ
1242 2381 1307 2423 τι
1351 2369 1526 2448 κακςό
1573 2362 1666 2436 εἰς
1712 2354 1857 2423 ὦπα
1902 2357 2194 2447 έῴκειν.“

458 2467 577 2530 τὸν
622 2463 683 2530 δ’
737 2460 822 2530 αὖ
879 2463 1252 2547 Τηλέμαχος
1295 2464 1711 2550 πεπνυμένος
1756 2464 1986 2530 ἀντίον
2029 2467 2230 2548 ηὔδα·

373 2569 786 2657 ,,Εὐρύμαχ’,
834 2567 873 2653 ἦ
921 2594 1025 2636 τοι
1069 2572 1305 2646 νόστος
1353 2569 1647 2636 ἀπώλετο
1692 2572 1938 2654 πατρὸς
1983 2570 2194 2655 ἐμοῖο·

373 2676 513 2744 οὔτ’
567 2672 692 2742 οὖν
739 2677 1046 2761 ἀγγελίης
1091 2679 1186 2741 ἔτι
1229 2680 1577 2760 πείθομαι,
1625 2684 1692 2742 εἴ
1729 2683 1944 2742 ποθεν
1991 2680 2214 2761 ἔλθοι,

375 2785 526 2850 οὔτε
572 2786 982 2867 θεοπροπίης
1028 2782 1417 2867 ἐμπάζομαι,
1463 2782 1548 2864 ἥν
1591 2805 1742 2848 τινα
1786 2785 1997 2869 μήτηρ
2286 2802 2392 2850 415

375 2889 441 2968 ἐς
484 2889 776 2974 μέγαρον
820 2888 1150 2954 καλέσασα
1193 2890 1581 2972 θεοπρόπον
1626 2887 1972 2973 ἐξερέηται.

376 2998 587 3077 ξεῖνος
632 2994 693 3061 δ’
747 2990 941 3071 οὗτος
986 2994 1137 3078 ἐμὸς
1180 2996 1508 3081 πατρώιος
1552 2993 1623 3059 έκ
1676 2995 1911 3079 Τάφου
1957 2994 2165 3078 ἐστίν,

376 3103 644 3187 Μέντης
689 3100 749 3167 δ’
797 3098 1166 3185 Ἀγχιάλοιο
1211 3102 1578 3186 δαΐφρονος
1622 3101 1879 3184 εὔχεται
1922 3096 2093 3166 εἶναι

376 3211 551 3291 υἱός,
601 3208 763 3292 ἀτὰρ
817 3211 1130 3292 Ταφίοισι
1176 3206 1678 3291 φιληρέτμοισιν
1724 3206 2059 3272 ἀνάσσει.“

468 3310 557 3392 ὧς
603 3315 774 3399 φάτο
820 3311 1214 3397 Τηλέμαχος,
1260 3310 1460 3398 φρεσὶ
1507 3309 1568 3378 δ’
1613 3311 1957 3396 ἀθανάτην
2000 3313 2168 3377 θεὸν
2204 3314 2393 3396 ἔγνω.

381 3423 452 3488 οἱ
493 3419 553 3487 δ’
607 3424 701 3499 εἰς
746 3421 1077 3506 ὀρχηστύν
1120 3442 1189 3485 τε
1235 3417 1347 3484 καὶ
1394 3419 1786 3503 ἱμερόεσσαν
1831 3417 2069 3501 ἀοιδὴν
2289 3424 2392 3482 42'1

378 3528 779 3613 τρεψάμενοι
821 3527 1171 3614 τέρποντο,
1217 3525 1424 3610 μένον
1470 3522 1531 3590 δ’
1586 3523 1691 3590 ἐπὶ
1736 3522 2017 3610 ἕσπερον
2063 3523 2304 3589 ἐλθεῖν.
