2646 3932
373 222 500 288 132
1132 225 1549 276 οΔΤΣΣΕΙΔΣ
1584 225 1627 277 L

366 367 600 451 ἥμενοι
644 364 879 450 ἑξείης,
925 367 1103 452 παρὰ
1149 362 1224 432 δὲ
1267 368 1578 450 πλήθωσι
1622 365 1929 452 τράπεζαι

369 473 556 537 σίτου
599 469 711 537 καὶ
754 482 1025 557 κρειῶν,
1072 471 1249 557 μέθυ
1296 469 1359 538 δ’
1412 470 1485 537 ἐκ
1527 479 1854 557 κρητῆρος
1898 470 2222 557 ἀφύσσων

368 578 671 662 οἰνοχόος
716 576 998 663 φορέῃσι
1041 575 1152 644 καὶ
1196 576 1414 663 ἐγχείῃ
1463 578 1845 643 δεπάεσσιν·
2322 594 2388 643 10

367 685 564 748 τοῦτό
607 685 679 748 τί
707 705 822 767 μοι
864 683 1216 749 κάλλιστον
1261 681 1366 749 ἐνὶ
1409 681 1650 769 φρεσὶν
1695 684 1940 749 εἴδεται
1983 678 2174 749 εἶναι.

370 786 479 854 σοὶ
511 786 586 854 ’δ’
638 787 760 873 ἐμὰ
803 790 1008 873 κήδεα
1050 790 1270 874 θυμὸς
1316 788 1710 874 ἐπετράπετο
1757 791 2114 854 στονόεντα

368 892 649 981 εἴρεσθ’,
695 891 851 980 ὄφρ’
904 897 1000 960 ἔτι
1043 899 1299 979 μᾶλλον
1345 894 1752 980 ὀδυρόμενος
1797 897 2175 980 στεναχίζω·

367 1002 440 1065 τί
475 1002 740 1086 πρῶτόν
784 1024 889 1066 τοι
932 1003 1183 1084 ἔπειτα,
1228 1003 1300 1066 τί
1340 998 1402 1066 δ’
1454 1001 1769 1066 ὑστάτιον
1812 998 2173 1084 καταλέξω,

367 1104 547 1190 κήδε’
600 1105 747 1173 ἐπεί
783 1130 898 1192 μοι
940 1107 1153 1172 πολλὰ
1199 1108 1409 1173 δόσαν
1453 1104 1608 1172 θεοὶ
1661 1106 2100 1192 Οὐρανίωνες.
2325 1124 2388 1173 15

367 1220 498 1277 νῦν
542 1206 604 1278 δ’
656 1213 867 1295 ὄνομα
910 1223 1177 1298 πρῶτον
1220 1215 1643 1297 μυθήσομαι,
1692 1213 1871 1298 ὄφρα
1914 1210 2028 1277 καὶ
2069 1211 2257 1297 ὑμεῖς

369 1311 591 1401 εἴδετ’,
637 1316 764 1401 ἐγὼ
812 1312 874 1384 δ’
926 1316 1011 1383 ἂν
1056 1320 1277 1383 ἔπειτα
1331 1320 1568 1404 φυγὼν
1613 1317 1745 1383 ὕπο
1795 1314 2025 1402 νηλεὲς
2069 1311 2245 1404 ἦμαρ

368 1423 530 1508 ὑμῖν
576 1421 787 1501 ξεῖνος
831 1426 916 1489 ἔω
969 1421 1082 1489 καὶ
1127 1423 1466 1510 ἀπόπροθι
1512 1424 1783 1508 δώματα
1825 1426 2054 1490 ναίων.

370 1522 498 1613 εἰμ’
544 1523 854 1606 Ὀδυσεὺς
896 1530 1341 1616 Λαερτιάδης,
1388 1529 1463 1607 ὃς
1506 1539 1668 1595 πᾶσι
1714 1531 2014 1596 δόλοισιν

368 1634 789 1719 ἀνθρώποισι
832 1632 1039 1719 μέλω,
1085 1638 1204 1701 καί
1240 1659 1368 1720 μευ
1412 1635 1601 1713 κλέος
1646 1635 1938 1722 οὐρανὸν
1982 1636 2126 1701 ἵκει.
2319 1652 2388 1702 20

369 1741 650 1806 ναιετάω
698 1738 760 1806 δ’
807 1734 1074 1825 Ἰθάκην
1120 1740 1485 1808 ἐυδείελον·
1530 1740 1605 1807 ἐν
1650 1735 1715 1806 δ’
1766 1742 1922 1827 ὄρος
1966 1741 2134 1827 αὐτῇ

372 1849 671 1931 Νήριτον
716 1848 1217 1932 εἰνοσίφυλλον,
1264 1846 1642 1933 ἀριπρεπές·
1688 1844 1859 1932 ἀμφὶ
1905 1843 1980 1913 δὲ
2021 1854 2218 1930 νῆσοι

369 1950 609 2019 πολλαὶ
652 1953 1034 2019 ναιετάουσι
1077 1953 1252 2038 μάλα
1299 1953 1539 2038 σχεδὸν
1582 1952 1975 2039 ἀλλήλῃσιν,

369 2060 736 2143 Δουλίχιόν
778 2082 850 2125 τε
894 2059 1089 2145 Σάμη
1134 2082 1206 2126 τε
1249 2057 1362 2125 καὶ
1405 2058 1695 2143 ὑλήεσσα
1741 2060 2109 2137 Ζάκυνθος.

370 2165 537 2249 αὐτὴ
585 2161 659 2230 δὲ
703 2165 1010 2250 χθαμαλὴ
1054 2165 1515 2250 πανυπερτάτη
1562 2165 1664 2229 εἰν
1709 2162 1820 2229 ἁλὶ
1861 2175 2070 2230 κεῖται
2316 2181 2384 2231 25

369 2272 536 2356 πρὸς
582 2273 815 2356 ζόφον,
862 2271 938 2336 αἰ
977 2269 1058 2335 δέ
1095 2264 1154 2335 τ’
1206 2271 1452 2335 ἄνευθε
1497 2271 1661 2355 πρὸς
1704 2270 1801 2354 ἠῶ
1845 2268 1906 2335 τ’
1957 2269 2183 2355 ἠέλιόν
2225 2295 2325 2356 τε,

370 2371 644 2463 τρηχεῖ’,
692 2369 834 2441 ἀλλ’
886 2375 1108 2460 ἀγαθὴ
1153 2378 1637 2460 κουροτρόφος·
1684 2376 1767 2441 οὔ
1809 2399 1915 2442 τοι
1959 2375 2087 2460 ἐγώ
2132 2401 2209 2460 γε

370 2476 449 2566 ἧς
493 2485 685 2567 γαίης
731 2481 1023 2566 δύναμαι
1062 2481 1555 2567 γλυκερώτερον
1602 2483 1762 2547 ἄλλο
1810 2480 2092 2548 ἰδέσθαι.

370 2582 412 2672 ἦ
459 2586 581 2672 μέν
624 2581 694 2672 μ’
742 2585 979 2653 αὐτόθ’
1031 2589 1221 2673 ἔρυκε
1266 2587 1562 2665 Καλυψὼ
1610 2588 1723 2653 δῖα
1766 2588 2020 2672 θεάων,

372 2692 474 2775 [ἐν
521 2690 757 2758 σπέσσι
801 2697 1234 2779 γλαφυροῖσι,
1281 2691 1663 2777 λιλαιομένη
1708 2695 1908 2759 πόσιν
1951 2690 2176 2777 εἶναι’]
2315 2712 2385 2762 30

372 2793 462 2875 ὧς
507 2795 569 2863 δ’
623 2798 835 2875 αὔτως
879 2801 1093 2884 Κίρκη
1139 2800 1537 2882 κατερήτυεν
1581 2797 1656 2864 ἐν
1701 2800 2089 2885 μεγάροισιν

371 2905 576 2987 Αἰαίη
625 2904 977 2987 δολόεσσα,
1023 2903 1406 2989 λιλαιομένη
1451 2906 1652 2970 πόσιν
1696 2899 1898 2970 εἶναι·

373 3004 516 3076 ἀλλ’
567 3008 727 3094 ἐμὸν
773 3009 855 3074 οὔ
899 3030 1056 3075 ποτε
1100 3011 1327 3094 θυμὸν
1373 3007 1473 3075 ἐνὶ
1517 3012 1878 3093 στήθεσσιν
1923 3013 2213 3079 ἔπειθον.

373 3110 463 3194 ὥς
508 3112 709 3182 οὐδὲν
753 3115 1029 3200 γλύκιον
1071 3108 1151 3198 ἧς
1193 3116 1509 3200 πατρίδος
1553 3112 1714 3182 οὐδὲ
1755 3119 2016 3201 τοκήων

371 3224 696 3305 γίγνεται,
742 3227 811 3287 εἰ
846 3241 969 3306 περ
1013 3223 1131 3287 καί
1166 3244 1267 3298 τις
1313 3220 1653 3308 ἀπόπροθι
1695 3224 1896 3288 πίονα
1941 3218 2129 3289 οἷκον
2315 3241 2386 3290 35

371 3329 526 3413 γαίη
573 3326 647 3393 ἐν
692 3326 1032 3413 ἀλλοδαπῇ
1075 3329 1250 3392 ναίει
1294 3326 1631 3393 ἀπάνευθε
1675 3330 1950 3412 τοκήων.

373 3433 439 3498 εἰ
478 3427 541 3498 δ’
592 3434 711 3516 ἄγε
753 3457 858 3499 τοι
903 3431 1013 3498 καὶ
1056 3434 1300 3498 νόστον
1346 3431 1506 3518 ἐμὸν
1548 3432 1906 3518 πολυκηδέ’
1956 3434 2232 3520 ἐνίσπω,

372 3536 454 3603 ὅν
499 3563 613 3624 μοι
660 3541 828 3616 Ζεὺς
873 3537 1151 3625 ἐφέηκεν
1196 3538 1323 3604 ἀπὸ
1379 3541 1711 3626 Τροίηθεν
1756 3541 1941 3606 ἰόντι.
