2646 3932
1005 216 1421 268 οΔΤΣΣΕῙΑΣ
1457 218 1551 269 IV.
2207 215 2288 279 51

275 357 358 422 οὐ
400 358 528 444 γάρ
575 358 675 423 πώ
722 359 870 423 τινά
917 382 1087 443 φημι
1132 357 1392 425 ἐοικότα
1440 353 1569 425 ὧδε
1617 358 1884 424 ἰδέσθαι

275 461 415 528 οὔτ’
468 462 659 550 ἄνδρ’
712 464 865 529 οὔτε
909 475 1222 547 γυναῖκα,
1270 463 1468 548 σέβας
1512 463 1579 550 μ’
1632 468 1764 549 ἔχει
1810 467 2249 551 εἰσορόωσαν,

276 569 364 646 ὡς
409 568 510 635 ὅδ’
558 568 917 651 Ὀδυσσῆος
960 572 1407 656 μεγαλήτορος
1448 564 1547 637 υἷι
1594 574 1839 655 ἔοικεν,

284 677 669 763 Τηλεμάχῳ,
714 676 833 740 τὸν
878 677 1090 741 ἔλειπε
1134 675 1293 741 νέον
1339 675 1613 760 γεγαῶτ’
1667 675 1769 743 ἐνὶ
1814 683 1974 765 οἴκῳ

275 791 492 859 κεῖνος
538 781 737 866 ἀνήρ,
784 778 879 845 ὅτ’
933 779 1111 864 ἐμεῖο
1158 783 1533 859 κυνώπιδος
1578 781 1775 848 εἵνεκ’
1822 780 2070 867 Ἀχαιοὶ
2191 800 2292 848 145

277 884 520 968 ἤλθεθ’
573 886 703 952 ὑπὸ
758 889 1004 972 Τροίην
1057 889 1348 971 πόλεμον
1392 892 1659 974 θρασὺν
1704 888 2194 974 ὁρμαίνοντες.“

363 994 485 1075 τὴν
532 991 591 1058 δ’
646 991 1166 1076 ἀπαμειβόμενος
1209 993 1511 1078 προσέφη
1563 993 1809 1072 ξανθὸς
1853 994 2225 1071 Μενέλαος·

278 1098 496 1181 »οὕτω
543 1107 670 1163 νῦν
715 1096 826 1162 καὶ
871 1097 998 1180 ἐγὼ
1044 1096 1244 1181 νοέω,
1290 1100 1520 1181 γύναι,
1567 1100 1656 1177 ὡς
1702 1103 1787 1165 σὺ
1834 1100 2099 1177 ἐίσκεις·

276 1206 502 1269 κείνου
547 1205 672 1288 γὰρ
717 1205 963 1268 τοιοίδε
1008 1205 1207 1281 πόδες
1251 1206 1502 1269 τοιαίδε
1548 1228 1616 1270 τε
1663 1217 1873 1291 χεῖρες

278 1309 649 1394 ὀφθαλμῶν
692 1332 762 1373 τε
798 1307 993 1392 βολαὶ
1026 1312 1280 1393 κεφαλή
1317 1308 1376 1374 τ’
1429 1309 1773 1396 ἐφύπερθέ
1802 1334 1872 1377 τε
1909 1322 2142 1395 χαῖται.
2194 1326 2297 1374 150

277 1414 389 1481 καὶ
431 1424 560 1481 νῦν
603 1411 644 1498 ἦ
691 1437 794 1479 τοι
840 1413 966 1497 ἐγὼ
1013 1414 1425 1499 μεμνημένος
1471 1415 1634 1501 ἀμφ’
1681 1414 1950 1500 Ὀδυσῆι

278 1525 656 1606 μυθεόμην,
704 1520 827 1585 ὅσα
872 1531 1090 1598 κεῖνος
1136 1520 1400 1599 ὀιζύσας
1445 1521 1766 1607 ἐμόγησεν

279 1626 442 1713 ἀμφ’
496 1628 670 1711 ἐμοί,
718 1627 926 1712 αὐτὰρ
975 1625 1011 1692 ὁ
1057 1629 1296 1712 πικρὸν
1332 1625 1445 1692 ὑπ’
1499 1628 1746 1713 ὀφρύσι
1787 1629 2079 1713 δάκρυον
2116 1623 2294 1711 εἶβεν

278 1739 556 1818 χλαῖναν
601 1731 992 1819 πορφυρέην
1037 1730 1178 1797 ἄντ’
1233 1731 1648 1817 ὀφθαλμοῖιν
1694 1732 2064 1817 ἀνασχών.“

366 1841 483 1905 τὸν
522 1838 582 1905 δ’
626 1834 713 1905 αὖ
751 1840 1164 1925 Νεστορίδης
1193 1842 1670 1923 Πεισίστρατος
1707 1839 1935 1905 ἀντίον
1961 1841 2162 1924 ηὔδα·
2194 1856 2294 1905 155

282 1944 613 2032 ,,Ἀτρεΐδη
660 1944 962 2012 Μενέλαε
1019 1944 1392 2031 διοτρεφές,
1440 1946 1682 2031 ὄρχαμε
1728 1950 1936 2030 λαῶν,

196 2092 203 2100 -
279 2055 505 2119 κείνου
550 2051 671 2137 μέν
716 2075 820 2118 τοι
865 2050 966 2117 ὅδ’
1019 2053 1165 2128 υίὸς
1209 2050 1563 2135 ἐτήτυμον,
1611 2052 1700 2129 ὡς
1745 2052 2110 2138 ἀγορεύεις·

281 2156 445 2222 ἀλλὰ
490 2161 807 2243 σαόφρων
854 2158 1021 2241 ἐστί,
1067 2166 1461 2242 νεμεσσᾶται
1508 2155 1569 2222 δ’
1622 2156 1725 2223 ἐνὶ
1767 2164 1965 2246 θυμῷ

281 2258 397 2328 ὧδ’
451 2263 671 2329 ἐλθὼν
715 2266 790 2330 τὸ
835 2275 1101 2350 πρῶτον
1148 2263 1535 2347 ἐπεσβολίας
1581 2263 1976 2348 ἀναφαίνειν

281 2371 442 2434 ἄντα
489 2368 720 2452 σέθεν,
765 2379 886 2435 τοῦ
931 2382 1055 2435 νῶι
1099 2376 1268 2436 θεοῦ
1315 2369 1405 2447 ὣς
1449 2368 1801 2455 τερπόμεθ’
1855 2370 2044 2455 αὐδῇ.
2195 2388 2295 2437 160

281 2474 488 2561 αὐτὰρ
534 2473 645 2561 ἐμὲ
689 2476 967 2562 προέηκε
1017 2479 1334 2560 Γερήνιος
1380 2476 1618 2541 ἱππότα
1663 2475 1942 2561 Νέστωρ

279 2590 369 2668 τῷ
417 2583 549 2666 ἅμα
593 2583 857 2666 πομπὸν
902 2580 1206 2646 ἔπεσθαι·
1253 2581 1511 2647 ἐέλδετο
1559 2582 1684 2667 γάρ
1732 2597 1805 2647 σε
1852 2581 2148 2665 ι’δέσθαι,

281 2689 457 2773 ὄφρα
503 2688 574 2753 οἱ
612 2689 654 2770 ἥ
698 2711 763 2753 τι
808 2690 963 2764 ἔπος
1006 2687 1382 2771 ὑποθήσεαι
1427 2686 1508 2771 ἠέ
1547 2712 1612 2753 τι
1655 2690 1869 2773 ἔργον.

279 2794 491 2859 πολλὰ
536 2794 661 2879 γὰρ
707 2792 884 2876 ἄλγε’
938 2796 1068 2878 ἔχει
1112 2794 1358 2878 πατρὸς
1401 2794 1554 2870 πάις
1599 2792 1972 2878 οἰχομένοιο

281 2899 354 2964 ἐν
400 2900 740 2984 μεγάροις,
787 2890 839 2987 ᾧ
885 2901 973 2984 μὴ
1021 2900 1212 2964 ἄλλοι
1257 2899 1658 2985 ἀοσσητῆρες
1702 2902 1932 2982 ἔωσιν,
2195 2917 2295 2967 165

280 3006 369 3082 ὡς
413 3015 541 3070 νῦν
596 3006 947 3092 Τηλεμάχῳ
996 3004 1032 3070 ὁ
1078 3002 1199 3089 μὲν
1246 3011 1523 3089 οἴχεται,
1570 3005 1734 3071 οὐδέ
1775 3006 1846 3071 οἰ
1886 3008 2075 3071 ἄλλοι

280 3109 433 3195 esd,
480 3112 551 3176 οἵ
589 3135 704 3176 κεν
747 3112 912 3177 κατὰ
958 3111 1171 3195 δῆμον
1218 3110 1568 3176 ἀλάλκοιεν
1612 3114 1999 3195 κακότητα.“

366 3219 484 3283 τὸν
530 3215 591 3282 δ’
645 3217 1165 3301 ἀπαμειβόμενος
1209 3216 1513 3302 προσέφη
1561 3217 1807 3297 ξανθὸς
1851 3217 2224 3295 Μενέλαος·

280 3324 378 3407 ,,ὢ
423 3326 654 3405 πόποι,
699 3319 741 3406 ἦ
788 3323 962 3408 μάλα
1008 3323 1090 3406 δὴ
1140 3326 1346 3406 φίλου
1393 3321 1626 3408 ἀνέρος
1671 3323 1816 3399 υίὸς
1861 3322 2022 3407 ἐμὸν
2067 3324 2162 3389 δῶ

279 3428 480 3514 ἵκεθ’,
528 3428 601 3506 ὃς
645 3426 840 3494 εἵνεκ’
894 3427 1072 3513 ἐμεῖο
1118 3427 1360 3505 πολέας
1406 3427 1728 3513 ἐμόγησεν
1773 3427 2086 3504 ἀέθλους·
2194 3443 2294 3493 170

277 3539 394 3602 καί
433 3559 548 3619 μιν
592 3537 765 3620 ἔφην
811 3534 1097 3600 ἐλθόντα
1142 3534 1508 3620 φιλησέμεν
1554 3534 1783 3617 ἔξοχον
1828 3534 2049 3597 ἄλλων

1798 3634 1872 3689 4*
