2646 3932
1011 176 1429 228 ΟΔΤΣΣΕῙΔΣ
1466 178 1564 229 ῙΠ.
2202 175 2284 238 41

354 314 396 402 ἦ
445 319 530 406 ῥα
572 320 742 396 Διὸς
784 319 1125 404 θυγάτηρ,
1173 319 1245 385 οί
1285 315 1348 385 δ’
1402 320 1642 384 ἔκλυον
1687 318 2086 404 αὐδησάσης.

266 435 443 490 τοῖσι
490 419 565 490 δὲ
608 426 890 510 κήρυκες
934 420 1058 508 μὲν
1101 423 1287 510 ὕδωρ
1334 421 1442 489 ἐπὶ
1486 434 1708 510 χεῖρας
1751 425 2017 508 ἔχευαν,

263 539 502 616 κοῦροι
548 524 623 595 δὲ
669 537 1000 615 κρητῆρας
1045 528 1487 607 ἐπεστέψαντο
1532 540 1793 612 ποτοῖο,

265 636 583 721 νώμησαν
629 630 692 701 δ’
745 634 874 721 ἄρα
918 644 1123 701 πᾶσιν
1167 635 1603 721 ἐπαρξάμενοι
1648 636 2031 701 δεπάεσσιν·
2186 651 2291 701 340

265 742 569 825 γλώσσας
616 737 678 806 δ’
722 739 797 807 ἐν
832 739 996 827 πυρὶ
1031 742 1314 825 βάλλον,
1364 741 1789 825 ἀνιστάμενοι
1825 738 1888 806 δ’
1933 739 2290 825 ἐπέλειβον.

267 847 477 933 αὐτὰρ
523 844 665 914 ἐπεὶ
710 847 989 912 σπεῖσάν
1034 870 1104 912 τε
1148 848 1306 912 πιόν
1350 844 1453 929 θ’,
1501 846 1664 912 ὅσον
1705 847 1909 929 ἤθελε
1952 850 2201 932 θυμός,

268 954 363 1037 δὴ·
398 949 534 1018 τότ’
583 949 903 1037 Ἀθηναίη
949 949 1062 1018 καὶ
1113 951 1490 1037 Τηλέμαχος
1532 952 1841 1036 θεοειδὴς

268 1059 467 1144 ἄμφω
515 1057 755 1143 ἱέσθην
798 1061 1033 1142 κοίλην
1079 1056 1186 1124 ἐπὶ
1229 1067 1361 1142 νῆα
1404 1056 1698 1123 νέεσθαι.

269 1163 547 1250 Νέστωρ
594 1160 657 1229 δ’
710 1158 798 1229 αὖ
840 1162 1156 1249 κατέρυκε
1201 1165 1704 1248 καθαπτόμενος
1750 1161 2079 1230 ἐπέεσσιν·
2188 1182 2290 1230 345

269 1274 485 1353 ,,Ζεὺς
530 1272 606 1334 τό
651 1266 714 1352 γ’
766 1268 1101 1353 ἀλεξήσειε
1147 1267 1258 1335 καὶ
1303 1268 1633 1336 ἀθάνατοι
1675 1268 1830 1336 θεοὶ
1875 1270 2095 1353 ἄλλοι,

269 1377 359 1453 ὡς
405 1376 594 1460 ὑμεῖς
637 1372 793 1461 παρ’
849 1374 1029 1460 ἐμεῖο
1074 1375 1255 1459 θοὴν
1301 1373 1408 1440 ἐπὶ
1452 1384 1581 1459 νῆα
1624 1378 1830 1442 κίοιτε

268 1481 358 1559 ὥς
402 1479 478 1547 τέ
516 1504 633 1546 τευ
677 1475 719 1563 ἦ
765 1482 943 1567 παρὰ
985 1482 1258 1565 πάμπαν
1303 1480 1651 1566 ἀνείμονος
1693 1478 1813 1565 ἠδὲ
1857 1492 2202 1568 πενιχροῦ,

268 1578 322 1676 ᾧ
370 1587 453 1653 οὔ
496 1609 561 1653 τι
606 1590 868 1671 χλαῖναι
911 1585 1023 1654 καὶ
1069 1588 1273 1672 ῥήγεα
1316 1584 1506 1652 πόλλ’
1560 1586 1661 1653 ἐνὶ
1707 1594 1903 1676 οἴκῳ,

271 1691 410 1758 οὔτ’
464 1692 641 1780 αὐτῷ
689 1698 992 1777 μαλακῶς
1037 1694 1188 1758 οὔτε
1236 1692 1554 1773 ξείνοισιν
1596 1692 1910 1759 ἐνεύδειν.
2188 1709 2291 1758 350

271 1798 480 1884 αὐτὰρ
527 1796 673 1883 ἐμοὶ
717 1800 895 1884 πάρα
938 1793 1062 1883 μὲν
1104 1803 1368 1883 χλαῖναι
1413 1796 1524 1864 καὶ
1570 1799 1774 1883 ῥήγεα
1815 1799 2001 1865 καλά.

271 1905 354 1971 οὔ
399 1910 537 1990 θην
584 1905 667 1989 δὴ
712 1901 898 1972 τοῦδ’
950 1902 1195 1991 ἀνδρὸς
1235 1903 1595 1989 Ὀδυσσῆος
1640 1907 1837 1990 φίλος
1881 1906 2027 1984 υίὸς

270 2012 430 2095 νηὸς
475 2009 575 2077 ἐπ’
632 2013 929 2097 ἰκριόφιν
971 2010 1416 2095 καταλέξεται,
1464 2009 1619 2097 ὄφρ’
1673 2009 1759 2076 ἂν
1805 2010 1931 2094 ἐγώ
1977 2035 2052 2096 γε

273 2118 448 2201 ζώω,
495 2120 717 2183 ἔπειτα
763 2113 836 2183 δὲ
881 2118 1112 2195 παῖδες
1157 2116 1258 2185 ἐνὶ
1302 2118 1648 2204 μεγάροισι
1695 2120 2043 2201 λίπωνται,

274 2221 535 2302 ξείνους
581 2221 910 2307 ξεινίζειν,
957 2224 1030 2301 ὅς
1075 2226 1175 2301 τίς
1217 2221 1281 2290 κ’
1334 2223 1456 2308 ἐμὰ
1502 2222 1764 2308 δώμαθ’
1817 2225 2097 2309 ἴκηται.“
2189 2241 2291 2290 355

360 2330 480 2394 τὸν
525 2327 587 2394 δ’
640 2324 796 2395 αὖτε
841 2327 1189 2415 προσέειπε
1234 2330 1397 2412 θεά,
1441 2335 1818 2413 γλαυκῶπις
1856 2328 2134 2415 Ἀθήνη·

273 2429 395 2517 ,,εὖ
442 2433 525 2517 δὴ
573 2436 777 2500 ταῦτά
820 2433 884 2518 γ’
936 2437 1236 2520 ἔφησθα,
1280 2434 1481 2521 γέρον
1525 2439 1705 2521 φίλε·
1751 2435 1860 2502 σοὶ
1905 2433 1978 2502 δὲ
2023 2439 2236 2503 ἔοικεν

281 2539 667 2625 Τηλέμαχον
710 2543 1105 2624 πείθεσθαι,
1152 2539 1292 2607 ἐπεὶ
1336 2545 1510 2607 πολὺ
1553 2543 1828 2608 κάλλιον
1871 2542 2097 2621 οὕτως.

273 2645 419 2713 ἀλλ’
475 2641 670 2724 οὗτος
715 2642 836 2731 μὲν
878 2655 1008 2713 νῦν
1053 2645 1162 2713 σοὶ
1206 2644 1317 2731 ἅμ’
1370 2646 1623 2731 ἕψεται,
1671 2649 1849 2734 ὄφρα
1891 2673 2008 2715 κεν
2051 2649 2214 2737 εὕδῃ

274 2764 496 2820 σοῖσιν
542 2750 644 2819 ἐνὶ
689 2753 1104 2838 μεγάροισιν·
1148 2753 1277 2836 ἐγὼ
1327 2751 1388 2819 δ’
1442 2751 1548 2820 ἐπὶ
1592 2763 1721 2838 νῆα
1765 2753 2083 2839 μέλαιναν
2190 2773 2293 2823 360

273 2855 433 2945 εἶμ’,
479 2860 593 2925 ἵνα
635 2859 958 2944 θαρσύνω
1002 2857 1076 2924 θ’
1129 2858 1404 2944 ἑτάρους
1447 2864 1610 2926 εῖπω
1656 2882 1725 2925 τε
1771 2859 2028 2928 ἕκαστα.

272 2959 418 3042 οἷος
464 2966 592 3051 γὰρ
638 2965 799 3049 μετὰ
843 2976 1020 3032 τοῖσι
1062 2969 1442 3052 γεραίτερος
1485 2966 1759 3050 εὔχομαι
1804 2961 2005 3033 εἶναι·

273 3071 345 3137 οἰ
384 3069 454 3138 δ’
507 3072 697 3137 ἄλλοι
743 3074 1047 3157 φιλότητι
1091 3072 1402 3159 νεώτεροι
1447 3073 1686 3157 ἄνδρες
1729 3070 2028 3158 ἕπονται,

272 3177 510 3255 πάντες
556 3176 861 3262 ὁμηλικίη
911 3177 1306 3263 μεγαθύμου
1360 3178 1782 3262 Τηλεμάχοιο.

272 3285 443 3349 ἔνθα
485 3306 559 3350 κε
605 3282 917 3369 λεξαίμην
958 3287 1151 3369 κοίλη
1195 3284 1374 3369 παρὰ
1415 3281 1529 3367 νηὶ
1572 3286 1849 3369 μελαίνῃ
2190 3300 2293 3353 365

271 3398 430 3455 νῦν·
477 3388 642 3476 ἀτὰρ
687 3389 914 3475 ἠῶθεν
956 3390 1117 3475 μετὰ
1163 3388 1531 3466 Καύκωνας
1574 3390 2005 3475 μεγαθύμους

272 3490 433 3580 εἴμ’,
480 3497 653 3562 ἔνθα
697 3498 913 3583 χρεῖός
955 3519 1068 3580 μοι
1114 3493 1492 3578 ὀφέλλεται,
1540 3495 1623 3560 οὔ
1667 3518 1730 3560 τι
1775 3493 1930 3560 νέον
1974 3516 2050 3577 γε
