2646 3932
374 166 458 228 74
1122 167 1539 219 ΟΔΤΣΣΕΙΑΣ
1575 169 1638 221 Ε.

910 404 1696 480 ΟΔΤΣΣΕΙΑΣ
1759 405 1848 481 Ε.

945 665 1437 755 Ὀδυσσέως
1477 675 1802 765 σχεδία.

452 832 622 913 Ἠὼς
666 832 728 902 δ’
780 836 851 902 έκ
896 835 1140 920 λεχέων
1183 832 1338 922 παρ’
1389 837 1645 921 ἀγαυοῦ
1699 841 2031 903 Τιθωνοῖο

370 937 654 1029 ὤρνυθ’,
701 937 790 1007 ἵν’
843 941 1241 1007 ἀθανάτοισι
1284 945 1470 1027 φόως
1515 940 1712 1029 φέροι
1756 940 1876 1026 ἠδὲ
1920 946 2287 1029 βροτοῖσιν·

372 1048 443 1115 οἱ
483 1045 556 1114 δὲ
599 1045 754 1114 θεοὶ
797 1048 1103 1113 θωκόνδε
1147 1051 1541 1132 καθίζανον,
1589 1048 1663 1114 ἐν
1708 1044 1775 1114 δ’
1823 1050 1950 1134 ἄρα
1993 1059 2209 1114 τοῖσιν

373 1157 541 1231 Ζεὺς
584 1151 1051 1238 ὑψιβρεμέτης,
1099 1147 1182 1218 οὗ
1226 1176 1296 1219 τε
1342 1154 1580 1239 κράτος
1627 1152 1764 1219 ἐστὶ
1809 1152 2136 1238 μέγιστον.

370 1270 543 1324 τοῖσι
590 1253 650 1324 δ’
695 1254 1015 1343 Ἀθηναίη
1064 1257 1211 1342 λέγε
1255 1261 1461 1342 κήδεα
1505 1254 1695 1324 πόλλ’
1745 1254 2057 1343 Ὀδυσῆος
2352 1278 2384 1325 5

371 1363 784 1451 μνησαμένη·
847 1364 1001 1449 μέλε
1045 1365 1172 1450 γάρ
1219 1364 1290 1431 οἱ
1331 1364 1459 1430 ἐὼν
1505 1364 1578 1431 ἐν
1625 1365 1882 1449 δώμασι
1926 1366 2218 1449 νύμφης·
2339 1352 2345 1358 ’

373 1478 551 1556 ,,Ζεῢ
597 1472 799 1554 πάτερ
845 1465 952 1553 ἡδ’
1004 1471 1194 1535 ἄλλοι
1239 1471 1523 1557 μάκαρες
1566 1468 1721 1536 θεοὶ
1766 1467 1912 1536 αἰὲν
1958 1470 2203 1554 ἐόντες,

373 1581 462 1663 μή
508 1587 607 1655 τις
653 1580 748 1642 ἔτι
792 1578 1115 1662 πρόφρων
1161 1576 1405 1659 ἀγανὸς
1447 1574 1559 1644 καὶ
1602 1578 1795 1659 ἤπιος
1839 1579 2004 1642 ἔστω

374 1693 781 1769 σκηπτοῦχος
826 1683 1134 1764 βασιλεὺς
1187 1677 1353 1765 μηδὲ
1398 1679 1640 1767 φρεσὶν
1684 1687 1914 1765 αἴσιμα
1960 1683 2180 1766 εἰδώς,

374 1785 516 1856 ἀλλ’
568 1787 698 1853 αἰεὶ
741 1789 1020 1872 χαλεπός
1063 1781 1122 1851 τ’
1174 1792 1274 1870 εἴη
1319 1785 1432 1852 καὶ
1475 1791 1717 1852 αἴσυλα
1763 1786 1962 1873 ῥέζοι·
2322 1806 2384 1854 10

374 1897 463 1973 ὡς
508 1896 589 1960 οὔ
633 1917 733 1972 τις
776 1891 1097 1980 μέμνηται
1138 1887 1498 1976 Ὀδυσσῆος
1540 1895 1759 1958 θείοιο

374 2009 584 2085 λαῶν,
633 1993 810 2066 οἶσιν
855 2002 1131 2083 ἄνασσε,
1179 1999 1393 2082 πατὴρ
1440 1993 1501 2063 δ’
1554 1998 1642 2076 ὣς
1685 1999 1879 2081 ἤπιος
1923 1995 2058 2083 ἦεν.

375 2103 517 2174 ἀλλ’
571 2107 607 2174 6
654 2104 775 2191 μὲν
821 2106 894 2172 έν
937 2107 1119 2194 νήσω
1167 2115 1373 2169 κεῖται
1417 2100 1677 2191 κρατέρ’
1730 2106 1930 2189 ἄλγεα
1976 2106 2247 2189 πάσχων

376 2217 639 2299 νύμφης
683 2211 757 2278 ἐν
802 2211 1146 2295 μεγάροισι
1189 2213 1582 2292 Καλυψοῦς,
1628 2210 1671 2293 ἥ
1718 2235 1834 2294 μιν
1879 2210 2130 2296 ἀνάγκῃ

376 2329 570 2405 ἴσχει·
643 2319 679 2384 6
727 2313 787 2382 δ’
841 2317 922 2382 οὐ
970 2317 1247 2381 δύναται
1290 2315 1377 2399 ἣν
1420 2317 1705 2401 πατρίδα
1750 2327 1948 2399 γαῖαν
1994 2316 2280 2383 ἱκέσθαι·
2323 2335 2385 2382 15

376 2429 457 2493 οὐ
502 2426 630 2511 γάρ
678 2425 748 2488 οἱ
787 2423 964 2507 πάρα
1007 2430 1162 2504 νῆες
1207 2421 1557 2507 ἐπήρετμοι
1600 2419 1711 2487 καὶ
1757 2420 2033 2508 ἑταῖροι,

377 2535 447 2598 οἵ
484 2529 600 2598 κέν
644 2553 759 2613 μιν
804 2526 1122 2611 πέμποιεν
1167 2522 1266 2592 ἐπ’
1318 2525 1514 2610 εὐρέα
1558 2520 1735 2593 νῶτα
1778 2529 2148 2611 θαλάσσης·

375 2648 504 2704 νῦν
549 2630 635 2702 αὖ
680 2629 862 2700 παῖδ’
916 2633 1251 2717 ἀγαπητὸν
1296 2633 1675 2698 ἀποκτεῖναι
1719 2634 2045 2718 μεμάασιν

378 2743 601 2809 οἴκαδε
646 2742 1073 2823 νισσόμενον·
1137 2738 1174 2804 6
1221 2733 1282 2804 δ’
1336 2741 1453 2822 ἔβη
1500 2740 1660 2822 μετὰ
1704 2740 1950 2822 πατρὸς
1996 2738 2247 2823 ἀκουὴν

377 2848 443 2925 ές
489 2848 724 2912 Πύλον
768 2843 1069 2929 ἠγαθέην
1113 2839 1221 2928 ἠδ’
1272 2845 1340 2921 ἐς
1383 2845 1851 2929 Λακεδαίμονα
1897 2845 2114 2910 δῖαν.“
2318 2861 2388 2911 20

462 2954 586 3037 τὴν
641 2947 702 3017 δ’
755 2951 1277 3035 ἀπαμειβόμενος
1320 2948 1624 3036 προσέφη
1668 2950 2147 3036 νεφεληγερέτα
2196 2951 2390 3027 Ζεύς·

377 3059 654 3144 ,,τέκνον
701 3057 890 3142 ἐμόν,
935 3060 1131 3122 ποτόν
1176 3072 1249 3121 σε
1295 3059 1451 3132 ἔπος
1494 3056 1709 3140 φύγεν
1754 3054 1943 3141 ἕρκος
1988 3056 2300 3122 ὀδόντων.

378 3166 461 3231 οὐ
505 3168 633 3249 γὰρ
680 3165 763 3248 δὴ
810 3173 1051 3229 τοῦτον
1096 3158 1218 3247 μὲν
1263 3160 1663 3246 ἐβούλευσας
1706 3164 1870 3227 νόον
1916 3161 2114 3246 αὐτή,

377 3271 466 3349 ὡς
510 3266 551 3355 ἦ
598 3294 702 3337 τοι
746 3272 1008 3346 κείνους
1047 3263 1357 3345 Ὀδυσεὺς
1402 3267 1778 3333 ἀποτίσεται
1823 3267 2071 3347 έλθών;

385 3376 766 3462 Τηλέμαχον
803 3372 876 3442 δὲ
905 3378 990 3440 σὺ
1017 3373 1277 3458 πέμψον
1305 3371 1776 3457 ἐπισταμένως,
1815 3374 2101 3439 δύνασαι
2126 3374 2285 3459 γάρ,
2324 3389 2392 3437 25

377 3484 465 3569 ὥς
509 3507 581 3549 κε
627 3477 777 3566 μάλ’
830 3481 1128 3566 ἀσκηθὴς
1172 3480 1258 3565 ἣν
1301 3481 1584 3566 πατρίδα
1630 3491 1827 3562 γαῖαν
1871 3481 2117 3564 ἵκηται,
