2646 3932
954 214 1375 268 οΔΤΣΣΕῙΑΣ
1409 215 1508 268 111.
2158 210 2250 276 45

225 364 369 421 καῖε
417 353 478 421 δ’
529 353 637 422 ἐπὶ
687 359 909 442 σχίζης
955 355 993 423 ὁ
1037 354 1287 442 γέρων,
1334 354 1441 423 ἐπὶ
1487 353 1550 423 δ’
1602 360 1856 422 αἴθοπα
1899 351 2090 422 οἶνον

227 464 430 545 λεῖβε·
474 459 618 528 νέοι
663 457 738 528 δὲ
782 459 938 548 παρ’
982 461 1190 528 αὐτὸν
1225 464 1381 548 ἔχον
1415 463 1814 547 πεμπώβολα
1849 463 2094 547 χερσίν.
2141 477 2249 527 460

228 567 438 653 αὐτὰρ
483 565 624 633 ἐπεὶ
667 567 832 634 κατὰ
876 577 1054 654 μῆρα
1095 568 1222 652 κάη
1266 565 1381 634 καὶ
1417 568 1761 652 σπλάγχνα
1803 568 2098 634 πάσαντο
2111 613 2133 650 ,

227 676 589 758 μίστυλλόν
633 671 692 739 τ’
737 674 865 761 ἄρα
907 667 1115 740 τᾶλλα
1157 671 1270 740 καὶ
1316 671 1482 758 ἀμφ’
1533 673 1871 757 ὀβελοῖσιν
1913 676 2204 760 ἔπειραν,

229 782 468 846 ὤπτων
512 777 575 847 δ’
628 778 1045 866 ἀκροπόρους
1088 780 1365 864 ὀβελοὺς
1408 778 1484 846 ἐν
1525 778 1755 866 χερσὶν
1799 782 2075 866 ἔχοντες.

316 887 534 971 τόφρα
580 881 654 952 δὲ
708 884 1089 972 Τηλέμαχον
1133 891 1376 953 λοῦσεν
1418 887 1584 971 καλὴ
1632 887 2061 972 Πολυκάστη,

230 990 570 1077 Νέστορος
614 989 941 1076 ὁπλοτάτη
983 992 1289 1077 θυγάτηρ
1336 993 1747 1077 Νηληιάδαο.
2142 1009 2248 1060 465

229 1097 437 1184 αὐτὰρ
483 1094 623 1164 ἐπεὶ
668 1094 909 1164 λοῦσέν
951 1120 1023 1164 τε
1066 1096 1179 1163 καὶ
1222 1100 1484 1183 ἔχρισεν
1528 1096 1664 1164 λίπ’
1717 1098 1946 1188 ἐλαίῳ,
1981 1168 1986 1172 ,

229 1201 400 1288 ἀμφὶ
446 1201 526 1270 δέ
564 1227 683 1288 μιν
725 1212 940 1289 φᾶρος
983 1204 1188 1269 καλὸν
1232 1205 1437 1288 βάλεν
1479 1200 1599 1290 ἠδὲ
1641 1216 1917 1291 χιτῶνα,

227 1310 302 1374 ἔκ
347 1305 408 1393 ῥ’
460 1308 841 1394 ἀσαμίνθου
884 1312 969 1394 βῆ
1017 1308 1218 1395 δέμας
1262 1309 1701 1376 ἀθανάτοισιν
1747 1310 2001 1396 ὁμοῖος·

227 1414 361 1501 πὰρ
398 1410 461 1480 δ’
504 1414 542 1480 ὅ
575 1438 652 1498 γε
686 1413 974 1502 Νέστορ’
1019 1416 1141 1482 ἰὼν
1166 1413 1309 1482 κατ’
1344 1413 1449 1502 ἄρ’
1492 1414 1689 1500 ἕζετο,
1734 1416 2015 1502 ποιμένα
2051 1421 2248 1482 λαῶν.

318 1521 392 1587 οί
421 1517 483 1585 δ’
525 1518 666 1587 ἐπεὶ
701 1523 1011 1606 ὤπτησαν
1046 1520 1185 1608 κρέ’
1225 1520 1553 1608 ὑπέρτερα
1585 1521 1697 1588 καὶ
1743 1522 2097 1609 ἐρύσαντο,
2143 1540 2250 1590 4‘10

231 1624 544 1693 δαίνυνθ’
597 1625 917 1713 ἑζόμενοι·
962 1626 1071 1695 ἐπὶ
1116 1625 1178 1693 δ’
1233 1627 1462 1714 ἀνέρες
1507 1627 1741 1695 ἐσθλοὶ
1787 1630 2027 1715 ὄροντο

230 1727 422 1799 οἶνον
465 1735 918 1818 οἰνοχοεῦντες
963 1732 1064 1801 ἐνὶ
1107 1733 1414 1820 χρυσέοις
1459 1734 1831 1800 δεπάεσσιν.

231 1839 440 1922 αὐτὰρ
486 1838 628 1906 ἐπεὶ
671 1842 905 1918 πόσιος
948 1838 1059 1906 καὶ
1105 1839 1381 1926 ἐδητύος
1426 1838 1493 1919 ἐξ
1538 1842 1695 1926 ἔρον
1740 1839 1921 1924 ἕντο,

229 1954 404 2012 τοῖσι
451 1940 525 2012 δὲ
568 1947 809 2031 μύθων
853 1941 1012 2033 ἦρχε
1059 1949 1379 2034 Γερήνιος
1424 1946 1664 2013 ἱππότα
1711 1945 2018 2034 Νέστωρ·

231 2053 507 2136 ,,παῐδες
551 2052 729 2138 ἐμοί,
782 2053 899 2137 ἄγε
953 2053 1307 2143 Τηλεμάχῳ
1353 2056 1770 2139 καλλίτριχας
1814 2054 2056 2130 ’ἵππους
2144 2068 2249 2120 476

234 2155 494 2237 ζεύξαθ’
543 2155 664 2243 ὑφ’
715 2156 948 2244 ἅρματ’
1001 2159 1303 2243 ἄγοντες,
1350 2161 1462 2226 ’ἵνα
1504 2161 1882 2246 πρήσσῃσιν
1927 2157 2179 2224 ὁδοῖο.“

321 2258 410 2340 ὥς
436 2262 668 2348 ἔφαθ’,
707 2265 779 2330 ot
801 2262 863 2330 δ’
896 2265 1026 2351 ἄρα
1059 2275 1182 2332 τοῦ
1207 2265 1383 2351 μάλα
1409 2262 1533 2351 μὲν
1555 2264 1765 2332 κλύον
1792 2259 1912 2348 ἡδὲ
1937 2267 2247 2347 πίθοντο,

230 2373 655 2456 καρπαλίμως
700 2368 761 2437 δ’
814 2369 1079 2450 ἔζευξαν
1121 2369 1240 2457 ὑφ’
1293 2371 1580 2457 ἅρμασιν
1625 2368 1832 2448 ὠκέας
1875 2370 2133 2446 ἵππους.

231 2475 306 2543 ἐν
351 2473 424 2542 δὲ
467 2477 640 2561 γυνὴ
685 2479 884 2562 ταμίη
931 2486 1120 2543 σῖτον
1163 2474 1276 2543 καὶ
1318 2473 1510 2544 οἶνον
1554 2479 1799 2562 ἔθηκεν

232 2584 366 2661 ὄψα
406 2606 508 2666 τε,
555 2574 666 2650 οἷα
708 2584 938 2650 ἔδουσι
984 2580 1363 2670 διοτρεφέες
1408 2586 1733 2667 βασιλῆες.
2143 2596 2250 2648 480

232 2687 316 2754 ἂν
363 2686 425 2754 δ’
476 2690 605 2775 ἄρα
659 2687 1034 2774 Τηλέμαχος
1075 2687 1470 2775 περικαλλέα
1514 2692 1752 2773 βήσετο
1800 2690 2074 2774 δίφρον·

230 2795 363 2881 πὰρ
411 2791 474 2860 δ’
527 2795 656 2882 ἄρα
691 2795 1105 2883 Νεστορίδης
1133 2798 1609 2881 Πεισίστρατος
1653 2797 1941 2881 ὄρχαμος
1984 2793 2251 2881 ἀνδρῶν

231 2901 298 2979 ἐς
344 2903 590 2987 δίφρον
633 2899 691 2966 τ’
745 2898 1051 2985 ἀνέβαινε
1096 2899 1207 2967 καὶ
1251 2900 1411 2985 ἡνία
1455 2903 1680 2982 λάζετο
1726 2902 1984 2987 χερσίν·

230 3007 541 3092 μάστιξεν
586 3004 650 3073 δ’
701 3006 932 3090 ἐλάαν,
975 3007 1068 3072 τὼ
1116 3004 1178 3073 δ’
1230 3007 1357 3073 οὐκ
1402 3006 1670 3074 ἀέκοντε
1713 3005 2048 3092 πετέσθην

229 3114 297 3191 ἐς
339 3115 602 3197 πεδίον,
648 3111 918 3197 λιπέτην
963 3109 1038 3178 δὲ
1085 3114 1321 3180 Πύλου
1368 3115 1530 3179 αἰπὺ
1573 3115 1995 3198 πτολίεθρον.
2144 3126 2249 3177 485

228 3220 302 3288 οἰ
341 3216 416 3287 δὲ
458 3217 853 3305 πανημέριοι
900 3228 1085 3285 σεῖον
1131 3221 1331 3303 ζυγὸν
1374 3217 1582 3305 ἀμφὶς
1625 3221 1902 3303 ἔχοντες.

230 3327 470 3394 δύσετό
512 3323 573 3391 τ’
623 3324 843 3410 ἠέλιος
887 3326 1207 3391 σκιόωντό
1251 3348 1323 3390 τε
1367 3334 1573 3391 πᾶσαι
1618 3323 1875 3407 ἀγυιαί,

229 3431 298 3510 ἐς
347 3431 576 3518 Φηρὰς
620 3429 682 3498 δ’
733 3432 959 3498 ἵκοντο
1001 3435 1338 3514 Διοκλῆος
1379 3428 1533 3497 ποτὶ
1579 3431 1796 3514 δῶμα,

228 3538 408 3617 υίέος
445 3536 876 3626 Ὀρτιλόχοιο,
920 3539 1041 3604 τὸν
1078 3533 1380 3622 Ἀλφειὸς
1421 3534 1563 3602 τέκε
1608 3537 1831 3602 παῖδα.
