2646 3932
392 195 529 260 160
1150 198 1567 250 οΑΤΣΣΕΙΑΣ
1601 200 1669 252 K.

323 363 328 368 ·
386 338 477 424 μή
522 342 594 404 τί
628 362 734 406 τοι
779 340 956 428 αὐτῷ
1002 349 1185 424 πῆμα
1227 341 1434 406 κακὸν
1479 340 1925 426 βουλευσέμεν
1971 343 2163 426 ἄλλο,
2309 361 2415 410 300

386 443 476 527 μή
523 440 587 510 σ’
638 444 1205 531 ἀπογυμνωθέντα
1249 446 1455 512 κακὸν
1497 443 1609 511 καὶ
1654 443 1951 532 ἀνήνορα
1993 450 2190 533 θείῃ.ί

476 545 566 628 ὥς
611 552 739 637 ἄρα
783 550 1100 636 φωνήσας
1140 554 1304 638 πόρε
1351 552 1703 638 φάρμακον
1748 551 2184 638 ἀργεϊφόντης

387 654 460 721 ἐκ
504 659 695 741 γαίης
740 657 979 744 ἐρύσας
1022 660 1141 722 καί
1178 681 1292 743 μοι
1338 658 1546 742 φύσιν
1593 657 1800 722 αὐτοῦ
1846 656 2109 735 ἔδειξεν.

385 761 530 847 ῥίζῃ
576 759 699 845 μὲν
743 761 950 847 μέλαν
995 764 1175 845 ἔσκε,
1220 764 1496 846 γάλακτι
1542 759 1615 829 δὲ
1661 767 1917 828 εἴκελον
1962 764 2199 842 ἄνθος·

384 872 573 950 μῶλυ
619 867 699 934 δέ
737 893 855 953 μιν
897 867 1209 934 καλέουσι
1253 872 1435 933 θεοί·
1479 869 1766 953 χαλεπὸν
1812 867 1891 934 δέ
1930 862 1989 933 τ’
2039 869 2348 956 ὀρύσσειν

385 972 672 1060 ἀνδράσι
718 999 794 1058 γε
837 981 1181 1059 θνητοῖσι,
1226 973 1381 1040 θεοὶ
1429 974 1506 1040 δέ
1545 998 1615 1041 τε
1660 975 1876 1040 πάντα
1922 976 2253 1041 δύνανται.
2302 994 2411 1044 306

466 1077 767 1166 Ἑρμείας
811 1078 933 1165 μὲν
979 1075 1177 1146 ἔπειτ’
1228 1079 1438 1164 ἀπέβη
1486 1083 1651 1167 πρὸς
1696 1083 1951 1168 μακρὸν
1979 1080 2317 1166 Ὄλυμπον

380 1194 595 1269 νῆσον
642 1181 746 1251 ἀν’
798 1185 1164 1270 ὑλήεσσαν,
1211 1186 1340 1270 ἐγὼ
1388 1182 1449 1253 δ’
1501 1186 1567 1264 ές
1614 1188 1882 1272 δώματα
1927 1190 2175 1274 Κίρκης

381 1292 529 1374 ἤια,
577 1294 791 1358 πολλοὶ
838 1292 917 1358 δέ
956 1316 1068 1378 μοι
1112 1295 1353 1380 κραδίη
1398 1295 1702 1379 πόρφυρε
1745 1296 1975 1359 κιόντι.

382 1400 581 1483 ἔστην
628 1393 692 1463 δ’
745 1397 873 1464 εἰνὶ
918 1400 1173 1484 θύρῃσι
1215 1405 1382 1476 θεᾶς
1425 1399 2009 1483 καλλιπλοκάμοιο·
2304 1419 2410 1468 310

382 1505 554 1569 ἔνθα
600 1504 756 1581 στας
801 1502 1077 1587 ἐβόησα,
1121 1504 1252 1568 θεὰ
1298 1502 1378 1569 δέ
1417 1528 1531 1589 μοι
1576 1506 1808 1569 ἔκλυεν
1854 1503 2076 1586 αὐδῆς.

380 1608 424 1692 ἡ
470 1605 535 1674 δ’
587 1605 728 1687 αἶψ’
779 1608 1142 1697 ἐξελθοῦσα
1187 1610 1408 1696 θύρας
1452 1609 1603 1688 ὤιξε
1649 1611 1928 1695 φαεινὰς
2107 1588 2161 1617 α’

379 1711 492 1779 καὶ
535 1715 748 1779 κάλει·
795 1714 1003 1800 αὐτὰρ
1051 1713 1223 1797 ἐγὼν
1269 1713 1521 1799 ἑπόμην
1567 1713 1976 1799 ἀκαχήμενος
2018 1710 2197 1802 ἦτορ.

380 1812 518 1886 εἷσε
566 1819 645 1886 δέ
685 1815 752 1904 μ’
805 1821 1251 1904 εἰσαγαγοῦσα
1296 1820 1404 1887 ἐπὶ
1447 1823 1709 1908 θρόνου
1755 1820 2177 1907 ἀργυροήλου

378 1930 590 1992 καλοῦ
637 1925 1024 1993 δαιδαλέου·
1068 1927 1197 1994 ὑπὸ
1247 1923 1321 1993 δὲ
1366 1933 1624 2013 θρῆνυς
1668 1925 1868 1993 ποσὶν
1911 1922 2060 2011 ἦεν·
2301 1947 2408 1997 315

378 2041 565 2116 τεῦχε
612 2031 692 2098 δέ
730 2056 845 2117 μοι
887 2044 1098 2098 κυκεῶ
1143 2032 1402 2121 χρυσέῳ
1451 2032 1672 2116 δέπαι,
1720 2036 1899 2118 ὄφρα
1941 2037 2190 2120 πίοιμι,

379 2137 453 2204 ἐν
499 2137 578 2204 δέ
616 2161 687 2203 τε
732 2140 1085 2224 φάρμακον
1127 2134 1245 2222 ἧκε
1289 2140 1456 2203 κακὰ
1502 2134 1862 2226 φρονέουσ’
1913 2137 2015 2205 ἐνὶ
2058 2146 2276 2230 θυμῷ.

375 2245 585 2330 αὐτὰρ
631 2242 771 2309 ἐπεὶ
822 2243 1034 2310 δῶκέν
1078 2267 1148 2309 τε
1191 2243 1303 2310 καὶ
1348 2248 1607 2328 ἔκπιον,
1655 2244 1817 2311 οὐδέ
1857 2240 1926 2329 μ’
1976 2244 2281 2330 ἔθελξεν,

375 2350 603 2439 ῥάβδῳ
648 2355 1020 2433 πεπληγυῖα
1065 2353 1219 2428 ἔπος
1261 2345 1325 2415 τ’
1372 2346 1566 2436 ἔφατ’
1615 2354 1689 2416 ἔκ
1732 2346 1791 2415 τ’
1842 2350 2190 2435 ὀνόμαζεν·

377 2458 585 2543 ,ἔρχεο
630 2464 759 2521 νῦν
806 2458 1167 2541 συφεόνδε,
1214 2452 1355 2542 μετ’
1407 2459 1627 2522 ἄλλων
1673 2456 1819 2537 λέξο
1867 2456 2186 2544 ἕταίρωνὲ
2296 2475 2404 2523 320

372 2558 465 2640 ὧς
510 2556 692 2647 φάτ’,
741 2561 869 2644 ἐγὼ
915 2557 978 2625 δ’
1030 2564 1153 2648 ἄορ
1201 2562 1318 2641 ὀξὺ
1366 2562 1811 2649 ἐρυσσάμενος
1854 2564 2032 2648 παρα
2076 2573 2294 2650 μηροῦ

375 2670 589 2753 Κίρκῃ
636 2664 900 2750 ἐπήιξα,
949 2667 1038 2743 ὥς
1081 2690 1151 2732 τε
1196 2667 1510 2752 κτάμεναι
1556 2671 1939 2753 μενεαίνων.

374 2772 413 2855 ἡ
464 2768 535 2837 δὲ
582 2771 750 2856 μέγα
798 2772 1077 2856 ἰάχουσα
1120 2770 1456 2858 ὑπέδραμε
1501 2771 1612 2838 καὶ
1656 2775 1816 2857 λάβε
1862 2775 2159 2857 γούνων,

366 2882 489 2945 καί
527 2872 592 2963 μ’
646 2875 1117 2963 ὀλοφυρομένη
1165 2880 1322 2943 ἔπεα
1366 2881 1724 2965 πτερόεντα
1767 2880 2144 2964 προσηύδα·

370 2989 521 3069 ,τίς,
558 2986 772 3049 πόθεν
808 2986 902 3060 εἰς
939 2982 1232 3069 ἀνδρῶνς
1272 2986 1440 3048 πόθι
1476 3007 1581 3049 τοι
1618 2986 1807 3061 πόλις
1843 2980 1962 3067 ἠδὲ
1989 2993 2245 3069 τοκῆες;
2294 3003 2402 3054 325

308 3147 315 3150 ,
369 3091 601 3175 θαῦμά
635 3082 705 3175 μ’
747 3091 914 3173 ἔχει,
962 3089 1051 3165 ὡς
1088 3089 1170 3154 οὔ
1205 3112 1270 3153 τι
1305 3090 1479 3153 πιὼν
1515 3090 1671 3154 τάδε
1710 3085 2001 3174 φάρμακ’
2044 3089 2402 3175 ἐθέλχθης·

363 3194 529 3265 οὐδὲ
572 3198 699 3282 γαρ
747 3193 912 3261 οὐδέ
952 3218 1051 3271 τις
1095 3196 1293 3272 ἄλλος
1341 3195 1509 3280 ἀνὴρ
1553 3197 1710 3260 τάδε
1756 3191 2047 3281 φάρμακ’
2100 3196 2370 3280 ἀνέτλη,

373 3305 447 3382 ὅς
489 3328 563 3369 κε
609 3305 726 3388 πίῃ
770 3299 882 3367 καὶ
924 3311 1189 3385 πρῶτον
1236 3300 1577 3385 ἀμείψεται
1623 3300 1813 3388 ἕρκος
1860 3301 2172 3368 ὀδόντων.

377 3408 513 3492 [σοὶ
559 3409 639 3476 δέ
677 3432 777 3485 τις
822 3407 896 3474 ἐν
942 3407 1304 3491 στήθεσσιν
1351 3406 1671 3493 ἀκήλητος
1716 3410 1874 3485 νόος
1919 3406 2145 3490 ἑστία]

360 3512 407 3600 ἦ
454 3517 540 3581 σύ
576 3511 641 3598 γ’
681 3511 1034 3590 Ὀδυσσεύς
1072 3513 1214 3579 ἐσσι
1250 3514 1694 3600 πολύτροπος,
1743 3514 1822 3579 δν
1857 3512 1933 3580 τέ
1962 3538 2076 3600 μοι
2113 3513 2241 3581 αἰεὶ
2288 3533 2400 3582 330
