2646 3932
993 164 1412 216 οΔΤΣΣΕΙΑΣ
1448 165 1515 218 Χ.
2144 158 2273 223 163

243 315 380 370 τῶν
427 300 489 371 δ’
543 304 615 371 ἐκ
660 302 784 391 μὲν
827 304 1080 391 μελέων
1122 309 1340 392 τρίχες
1384 308 1648 392 ἔρρεον,
1696 303 1774 382 ἃς
1817 302 1980 390 πρὶν
2026 305 2275 388 ἔφυσεν

247 412 601 497 φάρμακον
647 412 1052 496 οὐλόμενον,
1098 414 1176 478 τό
1222 428 1389 497 σφιν
1433 413 1596 496 πόρε
1640 413 1879 476 πότνια
1919 413 2167 495 Κίρκη·

248 519 486 605 ἄνδρες
533 510 597 582 δ’
647 516 741 596 ἂψ
787 516 1094 602 ἐγένοντο
1151 518 1486 604 νεώτεροι,
1531 517 1573 602 ἢ
1620 517 1830 603 πάρος
1874 511 2069 600 ἦσαν,
2170 529 2273 580 395

245 622 358 689 καὶ
401 626 574 690 πολὺ
618 627 961 701 καλλίονες
1003 621 1116 689 καὶ
1160 627 1452 708 μείζονες
1496 624 1951 711 εἰσοράασθαι.

247 723 547 813 ἔγνωσαν
591 728 672 796 δέ
710 723 779 815 μ’
829 728 1071 795 ἐκεῖνοι
1125 731 1299 815 ἔφυν
1342 723 1403 795 τ’
1454 728 1528 795 ἐν
1572 726 1801 815 χερσὶν
1846 727 2132 805 ἕκαστος.

247 845 450 901 πᾶσιν
496 829 559 901 δ’
612 837 895 922 ἱμερόεις
938 835 1153 903 ὑπέδυ
1196 838 1388 920 γόος,
1436 834 1607 921 ἀμφὶ
1653 832 1726 901 δὲ
1774 836 1961 918 δῶμα

250 939 658 1027 σμερδαλέον
700 942 1030 1026 κανάχιζε·
1073 943 1204 1007 θεοὶ
1249 937 1312 1007 δ’
1364 941 1616 1028 ἐλέαιρε
1661 938 1773 1006 καὶ
1818 940 2003 1024 αὐτή.

248 1047 289 1130 ἡ
339 1045 418 1114 δέ
457 1071 582 1132 μευ
628 1049 780 1132 ἄγχι
825 1056 1036 1113 στᾶσα
1079 1049 1431 1134 προσηύδα
1477 1050 1589 1114 δῖα
1632 1049 1887 1113 θεάων·
2169 1061 2274 1112 400

251 1150 571 1237 ,διογενὲς
613 1154 1013 1240 Λαερτιάδη,
1060 1148 1473 1239 πολυμήχαν’
1518 1150 1865 1237 Ὀδυσσεῦ,

251 1262 439 1346 ἔρχεο
483 1268 613 1324 νῦν
659 1257 766 1324 ἐπὶ
810 1267 940 1343 νῆα
981 1260 1163 1343 θοὴν
1206 1259 1318 1326 καὶ
1361 1266 1529 1325 θῖνα
1570 1261 1934 1344 θαλάσσης.

250 1373 379 1447 νῆα
423 1360 546 1449 μὲν
590 1363 674 1451 άρ
719 1366 1125 1451 πάμπρωτον
1172 1365 1491 1452 ἐρύσσατε
1535 1366 1918 1451 ἤπειρόνδε,

249 1472 542 1555 κτήματα
589 1464 652 1536 δ’
701 1470 775 1537 ἐν
821 1473 1101 1555 σπήεσσι
1146 1472 1512 1538 πελάσσατε
1558 1471 1729 1537 ὅπλα
1772 1494 1844 1537 τε
1887 1471 2130 1536 πάντα·
2174 1537 2178 1542 ,

252 1576 450 1654 αὐτὸς
495 1571 558 1641 δ’
608 1575 702 1654 ἂψ
758 1575 927 1643 ἰέναι
969 1575 1082 1642 καὶ
1127 1578 1313 1661 ἄγειν
1360 1576 1626 1665 ἐρίηρας
1672 1576 2014 1663 ἑταίρουςὲ
2168 1592 2273 1642 4οὸ

340 1677 430 1761 ὧς
475 1676 690 1768 ἔφατ’,
737 1682 946 1770 αὐτὰρ
993 1683 1146 1768 ἐμοί
1183 1676 1249 1766 γ’
1299 1682 1683 1749 ἐπεπείθετο
1728 1684 1948 1767 θυμὸς
1985 1682 2274 1769 ἀγήνωρ,

250 1791 380 1873 βῆν
423 1783 487 1854 δ’
538 1788 708 1855 ἰέναι
754 1786 861 1854 ἐπὶ
904 1797 1035 1874 νῆα
1076 1790 1257 1873 θοὴν
1302 1788 1414 1855 καὶ
1456 1795 1624 1855 θῖνα
1667 1789 2031 1873 θαλάσσης.

252 1890 454 1983 εὗρον
500 1890 697 1961 ἔπειτ’
750 1893 857 1960 ἐπὶ
900 1893 1014 1979 νηὶ
1056 1900 1192 1981 θοῇ
1239 1895 1506 1984 ἐρίηρας
1550 1894 1852 1981 ἑταίρους

255 1995 462 2088 οἴκτρ’
513 1998 1058 2087 ὀλοφυρομένους
1100 2003 1397 2088 θαλερὸν
1440 2003 1604 2067 κατὰ
1652 2002 1862 2088 δάκρυ
1906 2002 2193 2088 χέοντας.

255 2108 344 2186 ὡς
388 2101 453 2172 δ’
504 2102 600 2172 ὅτ’
652 2105 736 2172 ἂν
781 2108 1105 2194 ἄγραυλοι
1148 2110 1375 2194 πόριες
1419 2106 1572 2195 περὶ
1606 2111 1770 2192 βοῦς
1805 2109 2133 2193 ἀγελαίας,
2171 2126 2275 2176 410

258 2213 588 2290 ἐλθούσας
632 2212 702 2291 ἐς
744 2216 1029 2299 κόπρον,
1076 2213 1241 2296 ἐπὴν
1285 2215 1572 2298 βοτάνης
1613 2213 2046 2301 κορέσωνται·

254 2328 459 2384 πᾶσαι
504 2318 638 2402 ἅμα
683 2322 1073 2404 σκαίρουσιν
1118 2316 1443 2402 ἐναντίαι,
1490 2314 1638 2385 οὐδ’
1689 2321 1784 2385 ἔτι
1828 2318 2020 2404 σηκοὶ

257 2419 540 2509 ἴσχουσ’,
588 2420 732 2490 ἀλλ’
782 2423 1019 2490 ἁδινὸν
1062 2425 1444 2510 μυκώμεναι
1491 2422 1946 2510 ἀμφιθέουσιν

255 2529 564 2617 μητέρας·
609 2525 699 2608 ὧς
743 2524 845 2615 ἔμ’
895 2529 1137 2596 ἐκεῖνοι
1182 2529 1323 2597 ἐπεὶ
1371 2532 1522 2598 ἴδον
1567 2532 2054 2617 ὀφθαλμοῖσιν,

256 2638 688 2724 δακρυόεντες
731 2638 995 2720 ἔχυντο·
1041 2638 1281 2720 δόκησε
1330 2632 1392 2703 δ’
1444 2638 1573 2723 ἄρα
1620 2640 1813 2722 σφίσι
1854 2640 2074 2722 θυμὸς
2172 2655 2276 2705 415

256 2740 345 2822 ὧς
387 2746 573 2828 ἔμεν,
621 2742 711 2820 ὡς
756 2745 820 2808 εἰ
859 2737 1121 2829 πατρίδ’
1175 2743 1427 2808 ἱκοίατο
1473 2741 1585 2808 καὶ
1629 2746 1827 2809 πόλιν
1871 2744 2081 2828 αὐτὴν

254 2852 556 2936 τρηχείης
594 2843 889 2932 Ἰθάκης,
935 2849 1047 2915 ἵνα
1089 2872 1160 2915 τε
1204 2850 1470 2935 τράφεν.
1506 2845 1626 2932 ἠδὲ
1671 2847 1964 2932 γένοντο.

253 2959 371 3020 καί
408 2950 476 3041 μ’
525 2954 1018 3040 ὀλοφυρόμενοι
1064 2957 1222 3020 ἔπεα
1265 2957 1624 3042 πτερόεντα
1666 2956 2099 3042 προσηύδων·

257 3058 389 3144 ,σοὶ
433 3056 555 3146 μὲν
596 3063 1028 3145 νοστήσαντι,
1075 3059 1452 3147 διοτρεφές,
1498 3056 1589 3139 ὧς
1633 3059 1989 3147 ἐχάρημεν,

256 3168 345 3245 ὡς
389 3173 457 3232 εἴ
491 3160 550 3231 τ’
601 3168 695 3243 εἰς
734 3160 1002 3249 Ἰθάκην
1047 3165 1457 3251 ἀφικοίμεθα
1509 3166 1795 3251 πατρίδα
1838 3178 2065 3249 γαῖαν·
2170 3182 2277 3233 420

256 3265 400 3337 ἀλλ’
450 3273 597 3355 ἄγε,
642 3283 778 3337 τῶν
822 3274 1042 3338 ἄλλων
1088 3270 1341 3359 ἑτάρων
1384 3271 1742 3352 κατάλεξον
1788 3273 2118 3359 ὄλεθρονὲ

345 3372 436 3455 ὦς
482 3379 685 3461 ἔφαν,
733 3376 942 3463 αὐτὰρ
990 3376 1119 3460 ἐγὼ
1165 3376 1516 3463 προσέφην
1561 3381 1878 3463 μαλακοῖς
1922 3377 2249 3444 ἐπέεσσιν·

253 3492 408 3570 ,νῆα
451 3478 575 3569 μὲν
620 3481 704 3571 ἂρ
748 3483 1155 3570 πάμπρωτον
1201 3481 1571 3571 ἐρύσσομεν
1616 3482 2000 3568 ἤπειρόνδε,

1745 3582 1853 3640 ll*
