2646 3932
982 172 1399 224 ΟΔΤΣΣΕΙΔΣ
1437 174 1582 225 VIII.
2160 172 2286 235 127
2313 205 2318 210 ·

359 313 566 398 αὐτὰρ
613 311 753 379 ἐπεὶ
798 315 872 378 τό
917 307 980 397 γ’
1032 314 1276 380 ἄκουσε
1320 315 1650 391 πολύτλας
1696 316 1841 393 δῖος
1881 309 2260 399 Ὀδυσσεύς,

272 414 482 484 αὐτίκ’
535 419 813 504 ἐπήρτυε
860 430 1084 504 πῶμα,
1128 426 1313 496 θοῶς
1362 414 1423 485 δ’
1476 417 1584 485 ἐπὶ
1631 421 1877 503 δεσμὸν
1924 424 2110 505 ἴηλεν

270 528 602 609 ποικίλον,
649 525 729 589 ὅν
773 523 936 591 ποτέ
976 549 1092 611 μιν
1137 525 1332 592 δέδαε
1378 524 1578 611 φρεσὶ
1621 527 1858 591 πότνια
1902 527 2136 611 Κίρκη.

271 629 587 695 αὐτόδιον
634 627 692 695 δ’
745 632 874 716 ἄρα
919 655 1035 716 μιν
1080 633 1278 717 ταμίη
1327 632 1703 697 λούσασθαι
1750 630 2034 716 ἀνώγειν

272 738 339 812 ἐς
375 730 436 822 ῤ’
472 735 848 820 ἀσάμινθον
876 732 1078 820 βάνθ’
1095 757 1112 774 ·
1149 737 1186 804 ὁ
1217 732 1280 803 δ’
1314 732 1421 823 ἄρ’
1456 735 1792 814 ἀσπασίως
1820 737 1919 802 ἴδε
1947 744 2145 825 θυμῷ
2183 754 2288 803 460

271 843 488 927 θερμὰ
534 836 780 927 λοέτρ’,
829 840 969 908 ἐπεὶ
1014 843 1098 908 οὔ
1142 867 1208 909 τι
1250 845 1674 928 κομιζόμενός
1716 866 1793 926 γε
1838 844 2143 927 θάμιζεν,

271 946 411 1013 ἐπεὶ
436 949 540 1033 δὴ
587 952 733 1013 λίπε
778 949 967 1033 δῶμα
1012 952 1381 1027 Καλυψοῦς
1425 950 1762 1032 ἠυκόμοιο.

271 1055 489 1138 τόφρα
533 1054 614 1121 δέ
654 1054 726 1120 οἰ
763 1056 1004 1140 κομιδή
1049 1078 1124 1138 γε
1170 1060 1309 1142 θεῷ
1359 1054 1448 1131 ὣς
1492 1054 1771 1138 ἔμπεδος
1813 1049 1949 1138 ἦεν.

270 1160 389 1225 τὸν
434 1154 497 1224 δ’
539 1146 690 1226 ἐπεὶ
735 1157 860 1227 οὖν
906 1160 1120 1246 δμωαὶ
1166 1165 1418 1226 λοῦσαν
1462 1158 1574 1226 καὶ
1617 1171 1856 1245 χρῖσαν
1901 1160 2130 1250 ἐλαίῳ,

273 1263 441 1350 ἀμφὶ
487 1265 567 1332 δέ
605 1291 722 1352 μιν
765 1272 1043 1353 χλαῖναν
1089 1266 1298 1350 καλὴν
1343 1267 1552 1350 βάλον
1597 1263 1716 1349 ἠδὲ
1761 1278 2035 1351 χιτῶνα,
2136 1335 2142 1341 ,
2182 1282 2289 1332 455

272 1373 344 1436 ἔκ
388 1368 450 1458 ῤ’
502 1372 883 1457 ἀσαμίνθου
926 1375 1049 1457 βὰς
1095 1374 1345 1457 ἄνδρας
1387 1369 1549 1456 μέτα
1593 1375 2030 1459 οἰνοποτῆρας

272 1478 403 1559 ἤιε·
466 1480 821 1545 Ναυσικάα
867 1475 940 1545 δὲ
985 1484 1168 1544 θεῶν
1213 1480 1342 1543 ἄπο
1389 1478 1628 1554 κάλλος
1672 1480 1916 1563 ἔχουσα

273 1592 391 1666 στῆ
439 1584 523 1670 ῥα
567 1586 744 1671 παρὰ
790 1586 1097 1669 σταθμὸν
1142 1583 1363 1668 τέγεος
1406 1585 1582 1649 πύκα
1625 1594 1958 1669 ποιητοῖο,

271 1689 608 1773 θαύμαζεν
654 1685 716 1755 δ’
763 1685 1045 1773 Ὀδυσῆα
1091 1689 1165 1756 ἐν
1211 1690 1669 1774 ὀφθαλμοῖσιν
1715 1689 1966 1775 ὁρῶσα,

272 1797 387 1859 καί
424 1819 540 1878 μιν
583 1791 926 1880 φωνήσασ’
977 1798 1135 1861 ἔπεα
1179 1797 1536 1880 πτερόεντα
1581 1795 1956 1880 προσηύδα·
2182 1812 2288 1862 460

274 1911 530 1986 ,,χαῖρε,
579 1899 763 1986 ξεῖν’,
811 1902 921 1968 ἵνα
966 1904 1082 1968 καί
1120 1898 1265 1966 ποτ’
1319 1900 1448 1966 ἐὼν
1493 1899 1567 1966 ἐν
1612 1902 1880 1988 πατρίδι
1924 1904 2079 1987 γαίη

272 2010 489 2092 μνήσῃ
534 2006 720 2092 ἐμεῦ,
764 2045 852 2055 -
897 2008 999 2074 ὅτι
1043 2032 1157 2093 μοι
1202 2008 1426 2093 πρώτῃ
1477 2003 1737 2092 ζωάγρι’
1790 2005 2152 2093 ὀφέλλεις.“

360 2114 483 2196 τὴν
519 2108 580 2180 δ’
623 2113 1144 2199 ἀπαμειβόμενος
1178 2112 1480 2198 προσέφη
1516 2114 1880 2198 πολύμητις
1909 2107 2287 2190 Ὀδυσσεύς·

274 2220 669 2301 ,,Ναυσικάα
722 2220 1016 2305 θύγατερ
1061 2222 1509 2305 μεγαλήτορος
1548 2216 1943 2301 Ἀλκινόοιο,

274 2324 446 2389 οὕτω
491 2333 620 2389 νῦν
667 2328 834 2403 Ζεὺς
877 2328 1062 2410 θείη,
1111 2324 1507 2412 ἐρίγδουπος
1550 2327 1743 2402 πόσις
1771 2324 2009 2410 Ἥρης,
2182 2342 2285 2391 465

275 2428 503 2496 οἴκαδέ
541 2424 599 2495 τ’
652 2430 1001 2515 ἐλθέμεναι
1045 2429 1156 2498 καὶ
1200 2433 1521 2517 νόστιμον
1564 2426 1740 2517 ἦμαρ
1790 2428 2082 2496 ἰδέσθαι·

273 2545 362 2623 τῷ
409 2535 524 2603 κέν
567 2560 672 2602 τοι
714 2534 825 2602 καὶ
870 2542 1050 2602 κεῖθι
1093 2542 1233 2624 θεῷ
1281 2537 1370 2615 ὣς
1415 2536 1829 2624 εὐχετοῴμην

273 2640 403 2707 αιέὶ
446 2644 659 2727 ἤματα
702 2643 945 2708 πάντα·
1010 2645 1097 2709 σὺ
1140 2644 1268 2729 γάρ
1313 2637 1382 2728 μ’
1434 2643 1745 2727 ἐβιώσαο,
1792 2643 2065 2727 κούρη.“

360 2743 401 2832 ἦ
450 2749 534 2835 ῥα
578 2746 689 2815 καὶ
735 2747 801 2826 ἐς
845 2750 1104 2835 θρόνον
1150 2740 1240 2827 ἷζε
1285 2744 1443 2834 παρ’
1490 2743 1833 2814 Ἀλκίνοον
1875 2751 2188 2832 βασιλῆα·

273 2856 344 2921 οἰ
385 2849 446 2920 δ’
497 2855 625 2939 ἤδη
672 2857 907 2939 μοίρας
950 2877 1021 2921 τε
1063 2851 1269 2938 νέμον
1312 2856 1640 2939 κερόωντό
1685 2877 1754 2919 τε
1802 2849 2007 2920 οἶνον.
2181 2872 2287 2921 470

273 2962 477 3047 κῆρυξ
524 2956 585 3026 δ’
637 2959 925 3044 ἐγγύθεν
970 2955 1182 3044 ἦλθεν
1227 2961 1409 3043 ἄγων
1455 2958 1723 3045 ἐρίηρον
1769 2958 2031 3042 ἀοιδόν,

271 3068 671 3151 Δημόδοκον
724 3070 945 3131 λαοῖσι
989 3063 1354 3149 τετιμένον·
1418 3056 1553 3131 εἶσε
1599 3059 1662 3130 δ’
1715 3059 1819 3150 ἄρ’
1874 3064 2083 3130 αὐτὸν

275 3171 490 3260 μέσσῳ
537 3174 985 3257 δαιτυμόνων,
1029 3173 1194 3257 πρὸς
1238 3174 1430 3237 κίονα
1474 3172 1728 3256 μακρὸν
1773 3169 2042 3255 ἐρείσας.

275 3278 358 3361 δὴ
402 3280 545 3343 τότε
590 3280 843 3363 κήρυκα
886 3275 1187 3363 προσέφη
1232 3277 1594 3361 πολύμητις
1632 3272 1982 3353 Ὀδυσσεὺς

274 3384 490 3448 νώτου
533 3382 1046 3470 ἀποπροταμών,
1093 3381 1199 3449 ἐπὶ
1244 3380 1318 3450 δὲ
1362 3388 1593 3448 πλεῖον
1638 3380 1998 3465 ἐλέλειπτο,
2180 3398 2282 3448 4⁷5

275 3489 703 3573 ἀργιόδοντος
745 3488 893 3572 ὑός,
937 3490 1192 3574 θαλερὴ
1240 3483 1301 3555 δ’
1352 3483 1438 3573 ἦν
1484 3485 1690 3573 ἀμφὶς
1735 3486 2010 3571 ἀλοιφή·
