2646 3932
992 171 1407 223 ΟΔΤΣΣΕΙΑΣ
1445 173 1535 223 ΙΧ.
2158 171 2283 236 139

266 323 486 398 τυρῶν
530 311 931 397 αἰνυμένους
977 312 1147 379 ἰέναι
1192 315 1423 397 πάλιν,
1472 315 1681 401 αὐτὰρ
1727 317 1946 380 ἔπειτα
2183 332 2285 381 225

266 421 688 504 καρπαλίμως
735 416 842 484 ἐπὶ
885 427 1016 503 νῆα
1058 420 1237 504 θοὴν
1287 419 1563 506 ἐρίφους
1606 443 1678 486 τε
1720 419 1832 487 καὶ
1877 423 2082 507 ἄρνας

267 536 489 608 σηκῶν
535 525 966 604 ἐξελάσαντας
1019 523 1317 591 ἐπιπλεῖν
1364 526 1661 612 ἁλμυρὸν
1704 527 1917 612 ὕδωρ·

267 628 409 695 ἀλλ’
461 630 590 715 ἐγὼ
638 630 720 696 οὐ
764 632 1093 714 πιθόμην,
1137 626 1180 714 ἦ
1226 629 1285 696 τ’
1338 631 1423 697 ἂν
1466 635 1640 698 πολὺ
1683 631 1951 719 κέρδιον
1995 626 2147 716 ἦεν,

268 733 424 823 ὄφρ’
479 737 684 802 αὐτόν
729 759 799 802 τε
848 738 1086 820 ἴδοιμι,
1132 735 1244 802 καὶ
1288 744 1358 804 εἴ
1394 762 1508 823 μοι
1553 738 1759 818 ξείνια
1795 739 1975 821 δοίη.

268 839 416 908 οὐδ’
469 839 575 929 ἄρ’
618 839 832 927 ἔμελλ’
886 841 1177 929 ἑτάροισι
1213 842 1450 928 φανεὶς
1485 843 1816 932 ἐρατεινὸς
1852 846 2142 909 ἔσεσθαι.
2184 860 2287 909 230

357 950 527 1014 ἔνθα
574 944 648 1014 δὲ
693 958 825 1035 πῦρ
871 950 1147 1032 κήαντες
1191 949 1529 1034 ἐθύσαμεν
1574 946 1693 1033 ἠδὲ
1736 948 1848 1015 καὶ
1895 947 2084 1016 αὐτοὶ

268 1065 488 1141 τυρῶν
532 1055 880 1139 αἰνύμενοι
926 1056 1228 1141 φάγομεν
1282 1055 1567 1141 μένομέν
1611 1055 1688 1121 τέ
1727 1080 1843 1141 μιν
1889 1057 2087 1122 ἔνδον

269 1161 502 1245 ἥμενοι
512 1209 532 1244 ,
579 1153 713 1238 εἷος
758 1160 1006 1245 ἐπῆλθε
1049 1161 1288 1248 νέμων.
1366 1162 1526 1250 φέρε
1576 1160 1636 1228 δ’
1690 1164 1972 1248 ὄβριμον
2018 1163 2229 1247 ἄχθος

269 1267 433 1350 ὕλης
479 1266 776 1352 ἀζαλέης,
824 1268 936 1333 ἵνα
982 1269 1056 1333 οἰ
1092 1270 1527 1356 ποτιδόρπιον
1573 1276 1704 1353 εἴη,

271 1375 591 1440 ἔντοσθεν
639 1370 698 1438 δ’
752 1375 1019 1459 ἄντροιο
1064 1376 1291 1458 βαλὼν
1337 1376 1720 1462 ὀρυμαγδὸν
1766 1378 2035 1460 ἔθηκεν·
2184 1390 2288 1440 236

270 1478 456 1563 ἡμεῖς
503 1476 577 1546 δὲ
623 1481 959 1558 δείσαντες
1004 1479 1412 1566 ἀπεσσύμεθ’
1467 1480 1535 1559 ἐς
1579 1483 1791 1566 μυχὸν
1837 1482 2101 1566 ἄντρου.

273 1584 482 1671 αὐτὰρ
527 1586 564 1651 ὅ
610 1583 671 1669 γ’
724 1588 819 1663 εἰς
863 1586 1026 1673 εὐρὺ
1073 1585 1270 1665 σπέος
1315 1588 1520 1671 ἤλασε
1565 1590 1765 1654 πίονα
1810 1592 1983 1672 μῆλα

273 1691 486 1756 πάντα
526 1688 707 1775 μάλ’,
753 1688 898 1756 ὄσσ’
941 1693 1204 1777 ἤμελγε,
1237 1696 1318 1759 τὰ
1357 1691 1419 1759 δ’
1464 1694 1709 1780 ἄρσενα
1745 1698 1926 1759 λεῖπε
1961 1694 2290 1779 θύρηφιν,

274 1796 581 1882 ἀρνειούς
623 1821 692 1863 τε
738 1799 1025 1883 τράγους
1069 1822 1171 1883 τε,
1215 1802 1495 1883 βαθείης
1540 1802 1818 1865 ἔντοθεν
1863 1799 2085 1883 αὐλῆς.

275 1903 484 1990 αὐτὰρ
530 1901 727 1970 ἔπειτ’
782 1903 1065 1991 ἐπέθηκε
1109 1907 1365 1992 θυρεὸν
1410 1905 1618 1991 μέγαν
1653 1901 1852 1983 ὑψόσ’
1905 1904 2148 1989 ἀείρας,
2186 1921 2290 1971 240

276 2011 582 2096 ὄβριμον·
630 2012 755 2077 οὐκ
799 2010 883 2077 ἄν
926 2014 1046 2077 τόν
1089 2035 1164 2095 γε
1212 2013 1352 2079 δύω
1400 2011 1511 2078 καὶ
1555 2010 1758 2078 εἴκοσ’
1812 2011 2051 2096 ἄμαξαι

277 2114 514 2181 ἐσθλαὶ
557 2118 983 2203 τετράκυκλοι
1029 2114 1139 2182 ἀπ’
1192 2119 1428 2196 οὔδεος
1473 2119 1878 2203 ὀχλίσσειαν·

275 2224 522 2307 τόσσην
566 2223 881 2307 ἠλίβατον
925 2223 1172 2311 πέτρην
1218 2223 1500 2308 ἐπέθηκε
1545 2225 1856 2310 θύρῃσιν.

277 2327 577 2413 ἑζόμενος
625 2327 685 2394 δ’
737 2331 1020 2414 ἤμελγεν
1065 2331 1166 2407 ὄις
1209 2329 1320 2396 καὶ
1367 2332 1663 2414 μηκάδας
1708 2325 1928 2414 αἶγας,

276 2435 491 2500 πάντα
533 2437 698 2500 κατὰ
743 2447 1014 2522 μοῖραν,
1059 2434 1171 2502 καὶ
1205 2433 1318 2501 ὑπ’
1373 2438 1662 2523 ἔμβρυον
1697 2430 1857 2519 ἧκεν
1895 2434 2149 2521 ἑκάστῃ.
2189 2451 2291 2501 246

278 2540 512 2606 αὐτίκα
558 2538 619 2605 δ’
671 2541 874 2625 ἥμισυ
920 2539 1041 2627 μὲν
1084 2541 1343 2629 θρέψας
1386 2547 1648 2608 λευκοῖο
1693 2543 2016 2624 γάλακτος

276 2651 576 2723 πλεκτοῖς
622 2645 695 2711 ἐν
739 2649 1123 2735 ταλάροισιν
1169 2648 1588 2732 ἀμησάμενος
1630 2645 2026 2731 κατέθηκεν,

276 2754 481 2837 ἥμισυ
529 2748 589 2817 δ’
642 2748 786 2819 αὖτ’
840 2757 1112 2838 ἔστησεν
1159 2753 1232 2819 ἐν
1279 2755 1580 2837 ἄγγεσιν,
1626 2755 1804 2839 ὄφρα
1850 2754 1922 2818 οἰ
1959 2758 2061 2836 εἴη

277 2862 495 2925 πίνειν
540 2857 871 2947 αἰνυμένῳ
918 2863 1036 2925 καί
1073 2861 1145 2926 οἰ
1182 2861 1614 2945 ποτιδόρπιον
1659 2865 1779 2943 εἴη.

280 2964 486 3051 αὐτὰρ
533 2963 673 3031 ἐπεὶ
720 2966 801 3049 δὴ
849 2974 1092 3031 σπεῦσε
1136 2966 1594 3050 πονησάμενος
1638 2966 1718 3030 τὰ
1765 2964 1806 3030 ἃ
1852 2966 2043 3050 ἔργα,
2189 2981 2293 3030 259

279 3069 389 3136 καὶ
433 3072 578 3136 τότε
623 3080 756 3157 πῦρ
805 3069 1064 3137 ἀνέκαιε
1110 3069 1220 3136 καὶ
1266 3072 1545 3154 εἴσιδεν,
1592 3076 1802 3156 εἴρετο
1850 3067 1912 3135 δ’
1963 3067 2192 3154 ἡμέας·

281 3171 355 3259 ,ὦ
404 3174 636 3259 ξεῖνοι,
681 3181 856 3254 τίνες
902 3177 1049 3243 ἐστέ
1055 3204 1071 3255 ;
1120 3179 1336 3242 πόθεν
1381 3173 1602 3242 πλεῖθ’
1653 3177 1827 3263 ὑγρὰ
1869 3173 2184 3247 κέλευθας

275 3277 321 3365 ’ἦ
366 3304 432 3347 τι
475 3282 640 3346 κατὰ
684 3282 922 3368 πρῆξιν
965 3278 1008 3366 ἦ
1055 3283 1385 3367 μαψιδίως
1430 3282 1797 3367 ἀλάλησθε,

279 3379 391 3453 οἷά
433 3410 505 3453 τε
549 3392 925 3473 ληιστῆρες,
971 3386 1165 3474 ὑπεὶρ
1212 3389 1369 3471 ἄλα,
1415 3390 1527 3453 τοί
1564 3384 1621 3452 τ’
1674 3387 2001 3453 ἀλόωνται

278 3493 493 3578 ψυχὰς
535 3491 944 3578 παρθέμενοι
986 3495 1193 3560 κακὸν
1240 3494 1673 3559 ἀλλοδαποῖσι
1719 3492 2090 3577 φέροντες;“
2191 3510 2294 3558 255
