2646 3932
970 207 1385 259 ΟΔΤΣΣΕΙΑΣ
1421 208 1517 263 IX.
2154 151 2276 267 141

351 344 440 427 ὧς
488 349 780 436 ἐφάμην,
826 349 864 415 ὁ
911 346 992 416 δέ
1030 347 1098 434 μ’
1151 345 1353 415 οὐδὲν
1400 348 1701 434 ἀμείβετο
1745 346 1934 432 νηλέι
1975 354 2207 436 θυμῷ,

261 453 404 539 ἀλλ’
457 455 495 520 ὅ
539 453 602 540 γ’
656 454 924 535 ἀναΐξας
968 452 1224 541 ἑτάροις
1269 453 1377 521 ἐπὶ
1421 465 1643 539 χεῖρας
1688 457 1943 537 ἴαλλεν,

261 564 389 627 σὺν
436 558 509 628 δὲ
555 563 695 628 δύω
740 563 1003 647 μάρψας
1047 561 1137 638 ὥς
1178 584 1250 627 τε
1296 563 1626 637 σκύλακας
1670 556 1823 625 ποτὶ
1864 561 2021 645 γαίῃ

260 662 470 733 κόπτ’·
516 667 589 734 ἐκ
626 665 686 733 δ’
731 665 1093 752 ἐγκέφαλος
1127 667 1408 751 χαμάδις
1444 663 1573 751 ῥέε,
1621 667 1772 731 δεῦε
1811 660 1885 730 δὲ
1920 675 2136 748 γαῖαν.
2174 681 2279 731 290

262 777 416 852 τοὺς
461 769 536 840 δὲ
582 775 694 839 διὰ
738 771 1029 859 μελεϊστὶ
1072 773 1299 856 ταμὼν
1346 773 1718 837 ὡπλίσσατο
1769 772 2049 856 δόρπον·

261 880 457 962 ἤσθιε
505 878 567 945 δ’
623 881 712 957 ὥς
754 902 825 945 τε
872 877 1042 945 λέων
1088 878 1553 964 ὀρεσίτροφος,
1600 875 1748 943 οὐδ’
1801 877 2177 960 ἀπέλειπεν,

262 987 499 1069 ἔγκατά
541 1009 613 1052 τε
660 987 906 1072 σάρκας
948 1008 1018 1051 τε
1063 982 1176 1050 καὶ
1221 983 1417 1049 ὀστέα
1462 986 1841 1068 μυελόεντα.

260 1091 446 1177 ἡμεῖς
491 1088 566 1158 δὲ
610 1094 950 1169 κλαίοντες
995 1088 1446 1175 ἀνεσχέθομεν
1490 1088 1613 1155 Διὶ
1656 1100 1911 1176 χεῖρας,

263 1196 524 1282 σχέτλια
569 1194 705 1283 ἔργ’
758 1197 1110 1284 ὁρόωντες,
1158 1196 1485 1282 ἀμηχανίη
1534 1193 1596 1261 δ’
1649 1198 1753 1280 ἔχε
1795 1196 2039 1280 θυμόν.
2177 1210 2279 1260 295

262 1303 471 1389 αὐτὰρ
517 1301 658 1369 ἐπεὶ
702 1304 997 1381 Κύκλωψ
1042 1303 1335 1388 μεγάλην
1381 1301 1753 1387 ἐμπλήσατο
1798 1302 2015 1385 νηδὺν

263 1409 595 1496 ἀνδρόμεα
638 1404 775 1496 κρέ’
825 1411 999 1474 ἔδων
1041 1406 1154 1474 καὶ
1199 1403 1298 1474 ἐπ’
1350 1409 1639 1494 ἄκρητον
1681 1408 1850 1491 γάλα
1894 1409 2136 1490 πίνων,

261 1509 420 1581 κεῖτ’
470 1510 736 1581 ἔντοσθ’
789 1517 1057 1601 ἄντροιο
1103 1514 1599 1599 τανυσσάμενος
1646 1514 1756 1578 διὰ
1801 1517 2044 1598 μήλων.

261 1623 379 1687 τὸν
424 1616 546 1705 μὲν
582 1620 709 1705 ἐγὼ
755 1622 1087 1705 βούλευσα
1131 1622 1296 1686 κατὰ
1342 1621 1754 1704 μεγαλήτορα
1798 1621 2024 1704 θυμὸν

259 1722 472 1792 ἆσσον
518 1727 669 1810 ἰών,
717 1727 906 1812 ξίφος
951 1726 1069 1806 ὀξὺ
1115 1726 1564 1813 ἐρυσσάμενος
1606 1727 1783 1811 παρὰ
1831 1734 2076 1811 μηροῦ,
2177 1741 2281 1790 300

185 1923 190 1926 ¹
263 1833 622 1918 οὐτάμεναι
665 1835 830 1919 πρὸς
877 1838 1156 1917 στῆθος,
1204 1832 1321 1897 ὅθι
1367 1830 1607 1917 φρένες
1649 1826 1826 1918 ἧπαρ
1872 1833 2170 1916 ἔχουσιν,

262 1933 425 2025 χείρ’
476 1937 1029 2025 ἐπιμασσάμενος·
1076 1937 1296 2025 ἕτερος
1344 1934 1423 2003 δέ
1464 1961 1542 2022 με
1586 1939 1806 2023 θυμὸς
1850 1939 2101 2024 ἔρυκεν.

264 2045 471 2110 αὐτοῦ
517 2045 645 2131 γάρ
691 2068 763 2110 κε
809 2043 920 2111 καὶ
965 2046 1170 2129 ἄμμες
1214 2038 1593 2128 ἀπωλόμεθ’
1646 2047 1849 2110 αἰπὺν
1894 2045 2209 2129 ὄλεθρον·

264 2151 347 2216 οὐ
390 2152 519 2237 γάρ
563 2175 679 2217 κεν
727 2151 1116 2236 δυνάμεσθα
1159 2151 1439 2236 θυράων
1484 2150 1804 2234 ὑψηλάων

263 2255 492 2343 χερσὶν
539 2256 937 2323 ἀπώσασθαι
982 2259 1183 2321 λίθον
1220 2257 1531 2342 ὄβριμον,
1578 2255 1658 2321 ὃν
1693 2253 2127 2342 προσέθηκεν.
2175 2273 2279 2322 305

266 2358 355 2440 ὧς
398 2365 543 2429 τότε
590 2359 712 2447 μὲν
756 2363 1181 2446 στενάχοντες
1226 2360 1573 2446 ἐμείναμεν
1612 2356 1742 2426 Ἠῶ
1791 2363 1971 2426 δῖαν·

263 2464 429 2554 ἦμος
475 2463 536 2534 δ’
586 2467 919 2554 ἠριγένεια
965 2469 1145 2553 φάνη
1192 2468 1680 2553 ῥοδοδάκτυλος
1718 2462 1917 2550 Ἠώς,

267 2573 378 2640 καὶ
421 2576 569 2640 τότε
614 2582 748 2659 πῦρ
795 2572 1054 2639 ἀνέκαιε
1100 2571 1211 2639 καὶ
1255 2574 1495 2658 ἤμελγε
1540 2574 1746 2639 κλυτὰ
1791 2578 1995 2658 μῆλα,

263 2681 476 2746 πάντα
522 2680 685 2745 κατὰ
731 2689 1002 2763 μοῖραν,
1046 2677 1157 2744 καὶ
1201 2673 1313 2744 ὑπ’
1366 2681 1659 2765 ἔμβρυον
1703 2673 1863 2762 ἧκεν
1908 2677 2163 2767 ἑκάστῃ.

266 2787 473 2873 αὐτὰρ
520 2783 660 2852 ἐπεὶ
709 2784 790 2868 δὴ
837 2792 1080 2849 σπεῦσε
1125 2785 1585 2869 πονησάμενος
1628 2785 1708 2849 τὰ
1754 2784 1795 2850 ἃ
1841 2788 2031 2871 ἔργα,
2176 2803 2280 2852 310

267 2896 394 2958 σὺν
439 2889 500 2958 δ’
556 2891 593 2957 ὅ
636 2916 713 2976 γε
760 2892 843 2975 δὴ
890 2885 1045 2956 αὖτε
1093 2890 1231 2955 δύω
1278 2891 1542 2975 μάρψας
1579 2890 1952 2958 ὡπλίσσατο
1992 2893 2278 2957 δεῖπνον.

267 2999 623 3082 δειπνήσας
670 2995 731 3063 δ’
785 2999 1032 3083 ἄντρου
1078 2994 1354 3081 ἐξήλασε
1398 2999 1599 3062 πίονα
1644 3002 1848 3081 μῆλα,

267 3104 540 3189 ῥηιδίως
584 3103 850 3189 ἀφελὼν
894 3104 1149 3189 θυρεὸν
1194 3100 1431 3187 μέγαν·
1477 3102 1687 3188 αὐτὰρ
1733 3105 1954 3169 ἔπειτα

267 3208 360 3287 ἂψ
407 3206 703 3293 ἐπέθηχ’,
750 3209 838 3286 ὡς
881 3215 950 3275 εἴ
984 3232 1053 3275 τε
1101 3207 1398 3295 φαρέτρῃ
1443 3204 1613 3293 πῶμ’
1667 3207 1948 3293 ἐπιθείη.

267 3319 476 3400 πολλῇ
526 3310 598 3379 δὲ
644 3314 836 3403 ῥοίζῳ
881 3317 1046 3402 πρὸς
1092 3316 1248 3401 ὄρος
1292 3312 1485 3397 τρέπε
1531 3317 1731 3381 πίονα
1776 3319 1950 3399 μῆλα
2178 3331 2280 3379 31⁵

267 3420 589 3497 Κύκλωψ·
635 3419 841 3506 αὐτὰρ
889 3419 1014 3503 ἐγὼ
1061 3422 1348 3504 λιπόμην
1392 3420 1558 3485 κακὰ
1603 3419 2151 3505 βυσσοδομεύων,

265 3533 334 3594 εἴ
370 3548 510 3603 πως
553 3527 891 3610 τισαίμην,
939 3526 1088 3609 δοίη
1137 3523 1216 3590 δέ
1255 3548 1370 3609 μοι
1415 3520 1607 3609 εὖχος
1646 3522 1911 3610 Ἀθήνη.
