2646 3932
806 1084 1476 1162 ΟΔΤΣΣΕΙΑΣ
1529 1086 1621 1165 A.

255 1341 489 1412 Θεῶν
543 1335 841 1437 α’γορά.
939 1340 1306 1439 Ἀθηνᾶς
1362 1350 1879 1438 παραίνεσις
1931 1341 2151 1438 πρὸς

954 1466 1473 1558 Τηλέμαχον.

188 1606 435 1698 Ἄνδρα
469 1635 584 1698 μοι
619 1615 880 1697 ἔννεπε,
917 1622 1166 1697 μοῦσα,
1202 1613 1656 1698 πολύτροπον,
1694 1611 1768 1690 ὃς
1802 1613 1977 1697 μάλα
2003 1614 2215 1677 πολλὰ

200 1718 539 1803 πλάγχθη,
587 1717 726 1785 ἐπεὶ
780 1722 1019 1806 Τροίης
1066 1720 1248 1805 ἱερὸν
1293 1722 1696 1804 πτολίεθρον
1742 1721 2045 1806 ἔπερσεν,

200 1827 466 1889 πολλῶν
511 1823 573 1890 δ’
627 1824 1008 1910 ἀνθρώπων
1053 1825 1197 1889 ἴδεν
1241 1825 1442 1889 ἄστεα
1485 1823 1597 1890 καὶ
1640 1826 1804 1890 νόον
1848 1828 2046 1908 ἔγνω·

199 1931 411 1996 πολλὰ
458 1929 519 1997 δ’
572 1931 608 1997 ὅ
653 1929 718 2015 γ’
771 1930 843 1998 ἐν
887 1933 1107 2020 πόντω
1149 1931 1368 1997 πάθεν
1405 1932 1606 2015 ἄλγεα
1642 1928 1722 1996 ὃν
1756 1933 1921 1997 κατὰ
1956 1934 2212 2018 θυμόν,

202 2036 571 2123 ἀρνύμενος
616 2039 702 2122 ’ἥν
747 2061 816 2103 τε
860 2039 1083 2123 ψυχὴν
1127 2036 1239 2103 καὶ
1283 2040 1529 2103 νόστον
1575 2036 1868 2122 ἑταίρων.
2180 2058 2212 2104 5

201 2140 343 2207 ἀλλ’
396 2141 543 2208 οὐδ’
599 2139 688 2222 ὧς
733 2143 1005 2231 ἑτάρους
1051 2143 1375 2231 ἐρρύσατο
1423 2143 1678 2228 ἱέμενός
1722 2164 1874 2229 περ·

201 2248 420 2314 αὐτῶν
464 2250 590 2335 γὰρ
638 2249 1034 2336 σφετέρῃσιν
1081 2249 1563 2336 ἀτασθαλίῃσιν
1608 2251 1874 2333 ὄλοντο,

200 2356 454 2438 νήπιοι,
501 2360 572 2422 οἳ
610 2358 774 2421 κατὰ
819 2360 982 2440 βοῦς
1016 2353 1394 2443 ’Τπερίονος
1432 2353 1718 2421 Ἠελίοιο

201 2462 473 2544 ἤσθιον·
518 2463 725 2549 αὐτὰρ
773 2462 808 2528 ὁ
853 2474 1068 2529 τοῖσιν
1114 2463 1419 2548 ἀφείλετο
1465 2464 1781 2545 νόστιμον
1825 2456 2019 2547 ἦμαρ.

200 2578 333 2633 τῶν
377 2567 634 2652 ἁμόθεν
676 2591 785 2651 γε,
829 2571 958 2634 θεὰ
1000 2570 1294 2655 θύγατερ
1331 2570 1530 2651 Διός,
1577 2563 1717 2633 εἰπὲ
1760 2565 1872 2632 καὶ
1906 2566 2082 2651 ἡμῖν.
2148 2584 2212 2633 10

286 2672 432 2739 ἐνθ’
485 2676 675 2740 ἄλλοι
715 2673 838 2760 μὲν
872 2676 1139 2758 πάντες,
1186 2676 1333 2740 ὅσοι
1379 2674 1601 2759 φύγον
1647 2675 1850 2738 αἰπὺν
1896 2675 2211 2759 ὄλεθρον,

203 2787 373 2846 οἴκοι
417 2783 577 2846 ἔσαν
621 2785 910 2866 πόλεμόν
953 2805 1023 2847 τε
1068 2784 1469 2867 πεφευγότες
1513 2776 1632 2863 ἡδὲ
1676 2779 2052 2845 θάλασσαν·

201 2888 316 2952 τὸν
362 2884 423 2952 δ’
476 2883 624 2953 οἷον
667 2890 913 2953 νόστου
957 2887 1362 2973 κεχρημένον
1406 2883 1525 2971 ἠδὲ
1569 2886 1884 2968 γυναικὸς

202 2994 426 3078 νύμφη
473 2992 685 3059 πότνι’
739 2997 929 3080 ἔρυκε
977 2995 1271 3070 Καλυψὼ
1319 2995 1431 3059 δῖα
1475 2993 1702 3058 θεάων

203 3098 274 3165 ἐν
317 3099 550 3165 σπέσσι
595 3105 1028 3187 γλαφυροῖσι,
1076 3100 1458 3185 λιλαιομένη
1504 3101 1703 3164 πόσιν
1749 3093 1936 3163 εἶναι.
2146 3114 2211 3162 15

205 3204 342 3271 ἀλλ’
396 3206 502 3272 ὅτε
550 3207 632 3289 δὴ
680 3210 823 3284 ἔτος
867 3202 1036 3290 ἦλθε
1080 3206 1582 3293 περιπλομένων
1628 3204 1978 3287 ἐνιαυτῶν,

202 3321 288 3400 τῷ
335 3312 406 3377 οἱ
446 3312 896 3380 ἐπεκλώσαντο
941 3313 1094 3380 θεοὶ
1139 3315 1402 3380 οίκόνὸε
1446 3313 1719 3379 νέεσθαι

203 3421 293 3496 εἰς
330 3416 619 3504 Ἰθάκην,
667 3418 812 3486 οὐδ’
865 3424 1034 3486 ἔνθα
1079 3420 1500 3506 πεφυγμένος
1543 3414 1663 3503 ἦεν
1709 3414 1973 3481 ἀέθλων

202 3523 308 3590 καὶ
348 3528 509 3610 μετὰ
554 3518 689 3592 οἷσι
734 3530 1005 3612 φίλοισι.
1097 3527 1251 3594 θεοὶ
1296 3526 1359 3593 δ’
1413 3526 1713 3614 ἐλέαιρον
1757 3522 2039 3596 ἅπαντες

303 3641 502 3681 Heium
530 3641 568 3682 0
571 3652 763 3684 nnnnnnn
818 3644 854 3682 1.
1136 3683 1144 3691 ,
1753 3638 1780 3685 1
