2646 3932
378 196 465 259 92
1142 196 1558 247 οΔΤΣΣΕΙΑΣ
1594 197 1652 247 z,

374 337 702 427 ἐρχομένῳ
749 338 1079 422 ξύμβλητο
1126 339 1286 422 μετὰ
1331 340 1627 415 κλειτοὺς
1671 341 1991 422 βασιλῆας

374 444 440 521 ἐς
484 446 770 528 βουλήν,
817 445 930 509 ἵνα
974 468 1090 529 μιν
1134 444 1373 509 κάλεον
1424 447 1709 527 Φαίηκες
1755 443 2011 527 ἀγαυοί.
2328 458 2396 508 55

372 549 415 633 ἡ
464 545 538 614 δὲ
582 544 733 633 μάλ’
786 552 938 634 ἄγχι
985 559 1192 616 στᾶσα
1238 553 1441 635 φίλον
1487 548 1735 634 πατέρα
1779 548 2199 636 προσέειπεν·

374 655 649 737 ,,πάππα
693 652 864 739 φίλ’,
911 655 1035 720 οὐκ
1081 654 1165 720 ἄν
1211 657 1295 739 δή
1341 678 1454 739 μοι
1499 654 1965 741 ἐφοπλίσσειας
2012 654 2273 740 ἀπήνην

373 760 639 843 ὑψηλὴν
685 759 1040 844 ἐύκυκλον,
1088 761 1199 826 ἵνα
1244 763 1450 827 κλυτὰ
1496 758 1703 846 εἵματ’
1758 762 2016 845 ἄγωμαι

374 863 440 941 ἐς
483 868 780 950 ποταμὸν
824 865 1233 950 πλυνέουσα,
1278 868 1361 931 τά
1406 890 1519 952 μοι
1564 865 1997 953 ῥερυπωμένα
2041 877 2279 945 κεῖται;

372 970 483 1036 καὶ
531 968 604 1037 δὲ
651 971 759 1038 σοὶ
804 973 982 1061 αὐτῷ
1029 975 1200 1039 ἔοικε
1245 975 1407 1057 μετὰ
1451 974 1816 1059 πρώτοισιν
1861 972 2056 1038 ἐόντα
2326 990 2395 1040 60

372 1079 620 1161 βουλὰς
664 1079 1013 1162 βουλεύειν
1056 1081 1323 1165 καθαρὰ
1368 1081 1523 1165 χροῒ
1563 1076 1774 1163 εἵματ’
1828 1081 2081 1164 ἔχοντα.

371 1182 564 1250 πέντε
611 1184 690 1251 δέ
728 1209 833 1251 τοι
877 1189 1065 1271 φίλοι
1109 1178 1250 1264 υἷες
1294 1185 1397 1253 ἐνὶ
1440 1186 1752 1272 μεγάροις
1796 1186 2143 1269 γεγάασιν,

373 1289 444 1353 οί
485 1288 591 1355 δύ’
645 1291 1021 1375 ὀπυίοντες,
1066 1303 1244 1378 τρεῖς
1289 1291 1352 1359 δ’
1405 1292 1628 1376 ἠίθεοι
1670 1291 2107 1368 θαλέθοντες·

372 1394 444 1459 οί
484 1393 545 1460 δ’
597 1395 726 1461 αἰεὶ
771 1395 1084 1464 ἐθέλουσι
1126 1399 1457 1463 νεόπλυτα
1501 1396 1707 1481 εἵματ’
1761 1399 2020 1481 ἔχοντες

373 1499 437 1576 ἐς
472 1503 676 1586 χορὸν
712 1504 1052 1587 ἔρχεσθαι·
1095 1504 1177 1568 τὰ
1214 1501 1276 1569 δ’
1311 1503 1433 1589 ἐμῇ
1460 1503 1658 1590 φρενὶ
1685 1504 1900 1569 πάντα
1927 1503 2278 1590 μέμηλεν.“
2320 1524 2387 1572 65

461 1602 550 1684 ὥς
594 1606 815 1691 ἔφατ’·
869 1610 1089 1675 αἴδετο
1136 1610 1262 1695 γὰρ
1305 1612 1602 1695 θαλερὸν
1645 1611 1862 1695 γάμον
1908 1609 2300 1696 ἐξονομῆναι

369 1711 569 1796 πατρὶ
613 1717 806 1802 φίλῳ.
899 1714 936 1781 ὁ
983 1711 1058 1780 δὲ
1101 1715 1315 1781 πάντα
1359 1718 1500 1782 νόει
1544 1715 1656 1781 καὶ
1702 1715 2003 1800 ἀμείβετο
2050 1718 2276 1807 μύθῳ·

371 1819 567 1900 »οὔτε
611 1842 715 1885 τοι
758 1819 1055 1905 ἡμιόνων
1099 1820 1406 1906 φθονέω,
1449 1821 1667 1905 τέκος,
1714 1823 1868 1888 οὔτε
1911 1846 2027 1889 τευ
2071 1825 2294 1890 ἄλλου.

369 1924 590 2009 ἔρχευ,
638 1925 802 2012 ἀτάρ
846 1948 952 1993 τοι
998 1928 1209 2011 δμῶες
1253 1925 1780 2013 ἐφοπλίσσουσιν
1825 1928 2085 2015 ἀπήνην

368 2029 633 2115 ὑψηλὴν
678 2032 1003 2099 ἐύκυκλον
1013 2082 1033 2116 ,
1077 2033 1430 2120 ὑπερτερίῃ
1477 2035 1869 2120 ἀραρυῖαν.“
2309 2055 2384 2104 -70

458 2131 547 2213 ὧς
591 2139 798 2204 εἰπὼν
843 2139 1177 2223 δμώεσσιν
1223 2138 1550 2222 ἐκέκλετο,
1596 2138 1702 2205 τοὶ
1749 2137 1823 2206 δὲ
1867 2145 2169 2208 πίθοντο.

368 2242 439 2307 οί
478 2239 600 2327 μὲν
644 2242 748 2329 ἄρ’
801 2243 985 2322 ἐκτὸς
1029 2244 1284 2330 ἄμαξαν
1331 2246 1649 2331 ἐύτροχον
1691 2246 2038 2332 ἡμιονείην

368 2347 654 2432 ὥπλεον,
700 2348 1020 2433 ἡμιόνους
1061 2348 1135 2415 θ’
1186 2350 1448 2433 ὕπαγον
1495 2337 1724 2431 ζεῦξάν
1767 2351 1841 2417 θ’
1890 2348 2004 2419 ὑπ’
2057 2355 2302 2441 ἀπήνῃ·

366 2453 575 2539 κούρη
621 2449 684 2518 δ’
735 2454 809 2520 ἐκ
850 2456 1184 2539 θαλάμοιο
1230 2454 1436 2540 φέρεν
1480 2455 1732 2541 ἐσθῆτα
1777 2461 2079 2543 φαεινήν.

364 2558 475 2624 καὶ
518 2560 643 2643 τὴν
686 2555 808 2644 μὲν
851 2558 1216 2646 κατέθηκεν
1260 2560 1541 2651 ἐυξέστῳ
1588 2561 1688 2628 ἐπ’
1742 2564 1991 2650 ἀπήνῃ,
2315 2585 2380 2632 75

366 2667 575 2751 μήτηρ
623 2663 685 2731 δ’
738 2666 812 2732 ἐν
854 2669 1045 2752 κίστῃ
1091 2666 1299 2732 ἐτίθει
1344 2666 1665 2753 μενοεικέ’
1716 2668 1975 2754 ἐδωδὴν

365 2774 718 2855 παντοίην,
765 2769 841 2836 έν
887 2765 948 2836 δ’
1000 2773 1132 2850 ὄψα
1174 2776 1381 2856 τίθει,
1430 2772 1504 2838 ἐν
1549 2767 1611 2839 δ’
1663 2767 1854 2840 οἶνον
1897 2777 2122 2858 ἔχευεν

365 2876 543 2965 ἀσκῷ
592 2876 666 2942 έν
711 2878 965 2967 αἰγείῳ·
1027 2880 1236 2964 κούρη
1283 2877 1348 2943 δ’
1400 2875 1735 2964 ἐπεβήσετ’
1788 2881 2057 2966 ἀπήνης.

363 2984 576 3048 δῶκεν
622 2979 696 3048 δὲ
739 2983 986 3070 χρυσέῃ
1031 2984 1107 3050 ἐν
1151 2987 1424 3074 ληκύθῳ
1469 2985 1681 3070 ὑγρὸν
1725 2989 1978 3071 ἔλαιον,
2115 3000 2118 3003 “

362 3089 512 3166 εἵως
555 3090 962 3173 χυτλώσαιτο
1008 3092 1137 3156 σὺν
1183 3089 1619 3176 ἀμφιπόλοισι
1662 3091 1985 3175 γυναιξίν.
2308 3110 2377 3161 80

360 3194 402 3277 ἡ
450 3192 512 3259 δ’
566 3197 800 3278 ἔλαβεν
844 3195 1126 3281 μάστιγα
1171 3195 1282 3261 καὶ
1326 3195 1483 3280 ἡνία
1527 3198 1950 3281 σιγαλόεντα,

362 3301 669 3385 μάστιξεν
715 3299 777 3367 δ’
831 3302 1060 3368 ἐλάαν·
1123 3303 1376 3388 καναχὴ
1424 3300 1486 3368 δ’
1536 3298 1623 3387 ἦν
1667 3303 2021 3387 ἡμιόνοιιν.

360 3406 436 3470 αί
475 3404 537 3472 δ’
590 3409 838 3492 ἄμοτον
881 3409 1239 3492 τανύοντο,
1295 3407 1508 3495 φέρον
1562 3406 1624 3474 δ’
1684 3409 1936 3493 ἐσθῆτα
1980 3408 2093 3476 καὶ
2138 3409 2374 3494 αὐτήν,

359 3512 482 3578 οὐκ
528 3520 709 3599 οἴην,
755 3514 888 3599 ἄμα
932 3523 1013 3600 τῇ
1057 3538 1134 3598 γε
1177 3513 1291 3580 καὶ
1337 3514 1701 3599 ἀμφίπολοι
1747 3519 1897 3581 κίον
1942 3517 2153 3581 ἄλλαι.
