2646 3932
336 201 425 266 36
1088 201 1508 254 οΔΤΣΣΕΙΑΣ
1541 201 1607 255 r.

336 345 644 411 ἵστασαν·
688 343 898 430 αὐτὰρ
944 343 1072 428 ἐγώ
1117 367 1193 428 γε
1229 340 1530 410 Πύλονδ’
1573 345 1757 428 ἔχον,
1802 341 1968 408 οὐδέ
1997 338 2146 408 ποτ’
2190 343 2355 425 ἔσβη

335 444 568 537 οὖρος,
617 448 756 516 ἐπεὶ
803 451 887 534 δὴ
932 461 1160 536 πρῶτα
1202 450 1364 527 θεὸς
1408 447 1733 535 προέηκεν
1777 446 1993 532 ἀῆναι.

336 550 425 633 ὧς
467 551 716 639 ἦλθον,
763 558 916 640 φίλε
958 554 1224 638 τέκνον,
1270 553 1602 639 ἀπευθής,
1648 551 1814 620 οὐδέ
1851 576 1917 618 τι
1961 547 2116 619 οἶδα

335 663 606 746 κείνων,
653 662 725 727 οἳ
762 658 822 725 τ’
875 660 1178 728 ἐσάωθεν
1216 657 1524 746 Ἀχαιῶν,
1570 660 1645 726 οἳ
1680 656 1740 724 τ’
1793 659 2139 725 ἀπόλοντο.
2252 675 2354 724 185

336 767 503 833 ὅσσα
548 764 611 833 δ’
663 764 766 834 ἐνὶ
809 767 1155 853 μεγάροισι
1198 769 1578 851 καθήμενος
1619 763 2036 851 ἡμετέροισιν

335 874 702 958 πεύθομαι,
745 872 788 957 ἣ
832 871 1030 957 θέμις
1075 872 1245 956 ἐστί,
1293 873 1600 955 δαήσεαι,
1646 869 1813 938 οὐδέ
1853 887 1928 937 σε
1971 872 2205 937 κεύσω.

335 973 412 1045 εὖ
458 975 580 1064 μὲν
625 980 1067 1064 Μυρμιδόνας
1112 976 1271 1062 φάσ’
1327 977 1609 1063 ἐλθέμεν
1655 976 2166 1063 ἐγχεσιμώρους,

336 1084 455 1162 οὓς
498 1082 605 1168 ἄγ’
653 1081 992 1170 Ἀχιλλῆος
1035 1084 1433 1169 μεγαθύμου
1476 1084 1796 1168 φαίδιμος
1838 1083 2017 1165 υἱός,

335 1185 413 1256 εὖ
458 1186 533 1257 δὲ
583 1192 1024 1274 Φιλοκτήτην,
1073 1190 1438 1255 Ποιάντιον
1483 1187 1733 1272 ἀγλαὸν
1777 1189 1955 1254 υίόν·
2253 1205 2354 1254 190

335 1296 584 1374 πάντας
630 1293 692 1361 δ’
737 1293 1107 1380 Ἰδομενεὺς
1152 1297 1423 1381 Κρήτην
1468 1292 1765 1378 εἰσήγαγ’
1819 1293 2149 1380 ἑταίρους,

337 1404 408 1467 οἳ
446 1401 670 1487 φύγον
713 1401 787 1468 ἐκ
830 1399 1155 1486 πολέμου,
1199 1403 1443 1478 πόντος
1489 1399 1569 1466 δέ
1609 1399 1681 1466 οἰ
1719 1400 1803 1466 οὔ
1845 1397 1975 1465 τιν’
2027 1399 2307 1485 ἀπηύρα.

331 1505 669 1592 Ἀτρεΐδην
714 1503 789 1574 δὲ
832 1505 943 1572 καὶ
990 1504 1181 1572 αὐτοὶ
1227 1504 1499 1573 ἀκούετε
1545 1508 1796 1591 νόσφιν
1838 1505 2087 1589 ἐόντες,

337 1612 427 1689 ὥς
467 1610 527 1677 τ’
577 1608 764 1696 ἦλθ’,
809 1612 898 1689 ὥς
940 1609 1000 1677 τ’
1049 1617 1384 1696 Αἴγισθος
1428 1611 1713 1696 ἐμήσατο
1759 1613 2011 1698 λυγρὸν
2046 1612 2351 1694 ὄλεθρον.

338 1714 481 1783 ἀλλ’
531 1712 574 1802 ἦ
619 1741 726 1785 τοι
770 1729 988 1795 κεῖνος
1031 1713 1155 1803 μὲν
1198 1717 1652 1804 ἐπισμυγερῶς
1696 1716 2033 1784 ἀπέτισεν·
2251 1734 2353 1784 195

337 1824 427 1901 ὡς
471 1821 733 1907 ἀγαθὸν
773 1822 885 1891 καὶ
927 1826 1133 1890 παῖδα
1176 1822 1703 1909 καταφθιμένοιο
1748 1822 2062 1889 λιπέσθαι

338 1928 613 2016 ἀνδρός,
658 1928 800 1997 ἐπεὶ
843 1927 954 1997 καὶ
998 1940 1218 2008 κεῖνος
1262 1928 1522 1996 ἐτίσατο
1567 1938 2035 2015 πατροφονῆα,

336 2040 676 2119 Αἴγισθον
722 2037 1111 2121 δολόμητιν,
1156 2035 1195 2101 ὅ
1240 2036 1314 2101 oc
1351 2034 1600 2120 πατέρα
1643 2037 1889 2102 κλυτὸν
1932 2037 2102 2101 ἔκτα.

342 2139 476 2223 [καὶ
523 2145 608 2208 σὺ
654 2145 879 2227 φίλος,
924 2143 1099 2227 μάλα
1144 2141 1271 2227 γάρ
1316 2138 1382 2206 σ’
1435 2140 1607 2226 ὁρόω
1654 2144 1860 2207 καλόν
1902 2165 1974 2208 τε
2010 2139 2218 2226 μέγαν
2252 2163 2353 2223 τε,

338 2248 611 2332 ἄλκιμος
656 2246 824 2332 ἔσσ’,
869 2249 982 2314 ἵνα
1025 2251 1125 2325 τίς
1169 2263 1242 2313 σε
1289 2245 1401 2313 καὶ
1446 2247 1784 2330 ὀψιγόνων
1829 2247 1906 2314 ἐὺ
1950 2248 2194 2332 εἴπῃ.]“
2249 2262 2353 2314 200

424 2354 545 2418 τὸν
589 2350 652 2420 δ’
704 2348 791 2420 αὖ
844 2352 1218 2438 Τηλέμαχος
1261 2352 1677 2438 πεπνυμένος
1721 2352 1952 2419 ἀντίον
1994 2353 2196 2437 ηὔδα·

339 2453 437 2541 „ab
483 2456 744 2545 Νέστορ
791 2460 1174 2544 Νηληιάδη,
1220 2456 1387 2544 μέγα
1430 2461 1633 2536 κῦδος
1671 2457 1979 2544 Ἀχαιῶν,

337 2562 450 2629 καὶ
494 2567 645 2649 λίην
690 2575 907 2642 κεῖνος
951 2560 1072 2649 μὲν
1116 2562 1411 2647 ἐτίσατο,
1456 2569 1573 2631 καί
1613 2566 1684 2631 oc
1717 2562 1965 2651 Ἀχαιοὶ

340 2676 603 2736 οἴσουσι
649 2668 837 2748 κλέος
884 2670 1048 2757 εὐρὺ
1090 2668 1202 2737 καὶ
1247 2670 1666 2755 ἐσσομένοισι
1710 2670 2083 2738 πυθέσθαι·

340 2778 415 2842 αἲ
452 2777 579 2863 γὰρ
626 2774 773 2861 ἐμοὶ
815 2777 1141 2860 τοσσήνδε
1184 2774 1340 2842 θεοὶ
1385 2777 1673 2861 δύναμιν
1717 2784 2083 2864 περιθεῖεν,
2250 2793 2353 2842 205

338 2885 652 2948 τίσασθαι
697 2891 1073 2968 μνηστῆρας
1115 2881 1520 2968 ὑπερβασίης
1565 2882 1931 2967 ἀλεγεινῆς,

340 2991 411 3055 οἳ
445 2987 523 3055 τέ
560 3012 675 3074 μοι
720 2988 1097 3074 ὑβρίζοντες
1140 2986 1489 3053 ἀτάσθαλα
1534 2991 2013 3072 μηχανόωνται.

339 3092 483 3161 ἀλλ’
534 3094 618 3160 οὔ
661 3117 775 3179 μοι
816 3102 1125 3161 τοιοῦτον
1169 3090 1548 3160 ἐπέκλωσαν
1590 3093 1742 3160 θεοὶ
1791 3097 2028 3179 ὄλβον,

338 3203 542 3288 πατρί
576 3196 637 3265 τ’
687 3198 820 3289 ἐμῷ
865 3198 977 3266 καὶ
1021 3199 1194 3284 ἐμοί·
1254 3207 1385 3264 νῦν
1431 3195 1506 3265 δὲ
1551 3200 1675 3285 χρὴ
1721 3202 2038 3286 τετλάμεν
2082 3203 2352 3285 ἐμπης.“

426 3308 546 3374 τὸν
581 3302 644 3371 δ’
687 3303 970 3390 ἠμείβετ’
1013 3308 1235 3372 ἔπειτα
1273 3307 1592 3391 Γερήνιος
1629 3306 1870 3373 ἱππότα
1907 3306 2213 3394 Νέστωρ·
2248 3324 2351 3373 210

341 3409 438 3498 „ab
484 3409 654 3498 φίλ’,
701 3411 840 3480 ἐπεὶ
886 3413 969 3497 δὴ
1015 3412 1220 3478 ταῦτά
1264 3409 1333 3497 μ’
1386 3410 1757 3497 ἀνέμνησας
1802 3411 1913 3480 καὶ
1956 3417 2191 3506 ἔειπες,

340 3516 504 3607 φασὶ
552 3528 928 3605 μνηστῆρας
973 3526 1094 3602 σῆς
1137 3517 1417 3605 μκητέρος
1461 3519 1680 3584 εἵνεκα
1723 3522 2011 3596 πολλοὺς
