2646 3932
1016 177 1432 229 ΟΔΤΣΣΕῘΑΣ
1471 178 1561 230 IV.
2211 176 2294 239 47

281 321 694 405 τερπόμενοι·
738 319 900 404 μετὰ
945 317 1025 385 δέ
1064 335 1229 404 σφιν
1273 318 1584 402 ἐμέλπετο
1631 326 1819 398 θεῖος
1865 320 2091 398 ἀοιδὸς

278 428 651 510 φορμίζων,
698 425 862 491 δοιὼ
910 421 983 490 δὲ
1028 427 1463 511 κυβιστητῆρε
1508 424 1650 492 κατ’
1704 426 1979 510 αὐτούς,

279 535 533 616 μολπῆς
579 529 997 615 ἐξάρχοντος,
1044 530 1348 597 ἐδίνευον
1393 532 1559 597 κατὰ
1604 530 1935 617 μέσσους]

279 638 371 703 τω
418 635 479 702 δ’
523 632 667 703 αὖτ’
711 636 785 703 έν
819 637 1227 723 προθύροισι
1265 639 1492 721 δόμων
1528 637 1705 704 αὐτώ
1743 662 1813 704 τε
1848 637 1958 705 καὶ
1997 639 2195 719 ἵππω,
2237 656 2306 705 20

289 741 665 828 Τηλέμαχός
708 740 782 808 θ’
835 743 1011 829 ἥρως
1055 741 1166 809 καὶ
1212 742 1554 830 Νέστορος
1600 743 1864 827 ἀγλαὸς·
1887 745 2064 827 υἱός,

282 858 548 932 στῆσαν.
641 849 678 915 ὁ
724 844 798 915 δὲ
842 851 1199 934 προμολὼν
1244 850 1424 915 ἴδετο
1468 853 1709 936 κρείων
1750 847 2099 928 Ἐτεωνεύς
2110 899 2129 933 ,

282 954 561 1041 ὀτρηρὸς
604 956 923 1041 θεράπων
969 957 1325 1022 Μενελάου
1370 956 1792 1039 κυδαλίμοιο,

282 1064 367 1145 βῆ
414 1058 477 1127 δ’
531 1068 680 1145 ἴμεν
725 1059 1060 1144 ἀγγελέων
1106 1062 1218 1127 διὰ
1265 1062 1535 1146 δώματα
1579 1060 1843 1146 ποιμένι
1890 1066 2105 1146 λαῶν,

285 1168 492 1251 ἀγχοῦ
540 1164 599 1232 δ’
654 1166 1001 1252 ἱστάμενος
1045 1169 1200 1234 ἔπεα
1246 1170 1607 1253 πτερόεντα
1650 1168 2031 1253 προσηύδα·
2240 1184 2307 1233 25

285 1272 520 1355 ,,ξείνω
568 1274 653 1357 δή
696 1296 836 1339 τινε
879 1274 1080 1357 τώδε,
1129 1270 1475 1359 διοτρεφὲς
1521 1269 1573 1339 ὦ
1620 1272 1955 1357 Μενέλαε,

286 1380 486 1464 ἄνδρε
536 1379 707 1461 δύω,
752 1388 947 1464 γενεῇ
996 1376 1069 1445 δὲ
1113 1380 1282 1457 Διὸς
1327 1381 1640 1465 μεγάλοιο
1688 1381 1922 1445 ἔικτον.

287 1481 429 1550 ἀλλ’
483 1482 638 1567 εἴπ’,
686 1485 727 1567 ἦ
774 1501 994 1569 σφωιν
1037 1486 1496 1570 καταλύσομεν
1541 1484 1749 1562 ὠκέας
1794 1486 2066 1568 ἵππους,

286 1586 327 1674 ἦ
376 1591 584 1656 ἄλλον
628 1589 982 1675 πέμπωμεν
1028 1589 1366 1675 ἱκανέμεν,
1414 1591 1487 1669 ὅς
1530 1614 1604 1658 κε
1649 1593 1964 1677 φιλήσῃ.“

374 1697 493 1762 τὸν
539 1692 613 1761 δὲ
658 1693 803 1781 μέγ’
856 1696 1152 1780 ὀχθήσας
1196 1693 1498 1782 προσέφη
1538 1694 1784 1775 ξανθὸς
1819 1695 2197 1776 Μενέλαος·
2245 1714 2311 1763 30

289 1803 416 1887 ,,ού
462 1798 584 1887 μὲν
629 1804 864 1886 νήπιος
907 1797 1119 1885 ἦσθα,
1168 1803 1512 1886 Βοηθοΐδη
1555 1799 1903 1885 Ἐτεωνεῦ,

289 1910 362 1976 τὸ
408 1910 595 1995 πρίν·
643 1906 805 1994 ἀτὰρ
851 1904 974 1993 μὲν
1018 1917 1146 1974 νῦν
1190 1932 1266 1992 γε
1310 1909 1466 1986 πάις
1509 1907 1598 1987 ὣς
1641 1910 1844 1993 νήπια
1893 1908 2124 1992 βάζεις.

288 2012 329 2100 ἦ
376 2011 500 2101 μὲν
544 2016 628 2099 δὴ
673 2025 796 2080 νῶι
843 2012 1095 2099 ξεινήια
1139 2015 1352 2080 πολλὰ
1397 2017 1687 2098 φαγόντε

290 2124 510 2187 ἄλλων
559 2120 939 2205 ἀνθρώπων
986 2117 1167 2206 δεῦρ’
1222 2118 1510 2204 ἱκόμεθ’,
1559 2126 1637 2186 αἴ
1673 2119 1751 2186 κε’
1791 2127 1960 2187 ποθι
2011 2125 2174 2199 Ζεὺς

290 2227 570 2308 ἐξοπίσω
616 2248 740 2312 περ
784 2228 1005 2312 παύσῃ
1053 2226 1285 2305 ὀιζύος.
1336 2225 1502 2291 ἀλλὰ
1548 2225 1653 2291 λύ’
1706 2227 1949 2304 ἵππους
2246 2243 2315 2293 35

292 2335 557 2416 ξείνων,
605 2332 671 2410 ἐς
717 2330 779 2397 δ’
834 2332 1076 2409 αὐτοὺς
1120 2330 1419 2418 προτέρω
1467 2333 1583 2414 ἄγε
1629 2334 2109 2417 θοινηθῆναι.“

380 2434 471 2517 ὥς
506 2436 704 2523 φάθ’,
743 2437 779 2504 ὁ
817 2435 891 2504 δὲ
928 2439 1241 2524 μεγάροιο
1281 2436 1611 2521 διέσσυτο,
1657 2437 1920 2504 κέκλετο
1961 2436 2023 2503 δ’
2074 2440 2317 2517 ἄλλους

292 2546 616 2632 ὀτρηροὺς
659 2545 1076 2630 θεράποντας
1121 2545 1253 2629 ἅμα
1299 2543 1587 2610 σπέσθαι
1634 2542 1739 2610 ἑοῖ
1780 2544 1977 2632 αὐτῷ.

291 2654 365 2719 οἱ
405 2650 466 2718 δ’
521 2653 762 2728 ἵππους
806 2647 929 2735 μὲν
974 2653 1218 2717 ἔλυσαν
1262 2650 1392 2716 ὑπὸ
1443 2654 1643 2733 ζυγοῦ
1690 2649 2084 2736 ἱδρώοντας,

294 2756 406 2824 καὶ
450 2761 607 2835 τοὺς
651 2754 773 2840 μὲν
815 2755 1186 2839 κατέδησαν
1232 2754 1338 2841 ἐφ’
1395 2757 1688 2841 ἱππείῃσι
1733 2756 2051 2841 κάπῃσιν,
2249 2776 2317 2824 40

294 2866 427 2947 πὰρ
477 2861 538 2929 δ’
592 2865 833 2947 ἔβαλον
880 2863 1082 2945 ζειάς,
1129 2862 1257 2927 ἀνὰ
1304 2859 1378 2928 δὲ
1424 2873 1537 2947 κρῖ
1578 2863 1816 2928 λευκὸν
1861 2861 2117 2947 ἔμιξαν,

295 2971 552 3055 ἅρματα
598 2966 659 3034 δ’
711 2971 979 3034 ἔκλιναν
1021 2969 1187 3055 πρὸς
1232 2967 1481 3034 ἐνώπια
1523 2971 2051 3053 παμφανόωντα,

295 3076 545 3153 αὐτοὺς
590 3072 651 3141 δ’
706 3077 977 3158 εἰσῆγον
1021 3079 1216 3141 θεῖον
1262 3076 1489 3158 δόμον.
1556 3075 1627 3141 οἱ
1668 3070 1742 3139 δὲ
1791 3076 2046 3153 ι’δόντες

295 3182 639 3265 θαύμαζον
684 3183 847 3247 κατὰ
893 3183 1079 3264 δῶμα
1126 3179 1511 3266 διοτρεφέος
1555 3183 1895 3263 βασιλῆος·

298 3289 388 3365 ὥς
435 3311 502 3353 τε
551 3289 674 3373 γὰρ
720 3287 948 3373 ἠελίου
993 3292 1187 3370 αἴγλη
1236 3286 1434 3353 πέλεν
1479 3283 1553 3370 ἠὲ
1599 3287 1878 3369 σελήνης
2256 3304 2318 3352 45

301 3395 488 3478 δῶμα
531 3392 684 3459 καθ’
736 3390 1064 3479 ὑψερεφὲς
1110 3392 1465 3458 Μενελάου
1509 3393 1920 3475 κυδαλίμοιο.

300 3500 509 3583 αὐτὰρ
555 3498 694 3566 ἐπεὶ
737 3500 1080 3584 τάρπησαν
1125 3499 1449 3584 ὁρώμενοι
1496 3498 1982 3582 ὀφθαλμοῖσιν,
