2646 3932
1090 185 1476 242 sUMMARIA
2159 183 2287 238 XIX

285 356 636 432 nuptiarum
672 358 978 416 ostentans
1024 355 1099 414 ab
1144 355 1265 414 illis
1311 356 1425 414 sibi
1468 374 1718 414 munera
1760 353 2028 429 deposcit
2063 372 2131 412 ac
2168 355 2287 410 sta-

286 444 398 503 tim
468 445 698 505 collata
768 444 987 521 accipit
1045 437 1287 525 (244—
1299 438 1473 527 303).
1572 444 1808 503 Interea
1868 442 2071 502 Ulixes
2132 440 2290 499 inter

285 552 518 610 111-0008,
567 533 673 611 qui
717 534 924 593 solitos
968 533 1141 592 ludos
1187 534 1250 591 in
1295 536 1531 593 noctem
1573 532 1852 609 trahunt,
1896 549 2205 590 remanens
2251 549 2288 588 a

284 623 588 682 Melantho
636 621 854 681 ancilla
909 622 1238 681 maledictis
1290 625 1569 700 vexatur,
1616 621 1690 680 ab
1734 619 2112 698 Eurymacho
2156 618 2287 677 irri-

285 711 461 770 detur
513 713 576 771 et
627 710 883 770 scabello
937 710 1167 811 petitur
1211 702 1455 792 (304—
1463 702 1638 791 404).
1731 710 1994 769 Tandem
2040 727 2077 766 a
2121 707 2287 766 Tele-

282 800 492 859 macho
537 799 751 860 moniti
796 818 969 858 suam
1013 799 1266 876 quisque
1312 799 1554 859 domum
1600 799 1824 858 abeunt
1860 791 2103 881 (405-
2028 788 2286 876 -.428)

1200 987 1372 1053 XJX.

416 1100 643 1159 Eadem
695 1101 867 1161 nocte
921 1100 1125 1160 Ulixes
1180 1102 1242 1159 et
1294 1100 1681 1159 Telemachus
1742 1100 2122 1175 praelucente
2180 1096 2289 1155 Mi-

283 1208 466 1248 nerva
539 1208 705 1248 arma
777 1189 975 1249 omnia
1046 1189 1110 1247 in
1181 1189 1545 1265 superiorem
1606 1190 1838 1264 partem
1902 1186 2139 1246 aedium
2204 1203 2289 1245 se-

283 1279 542 1356 ponunt,
587 1298 661 1336 ne
699 1278 845 1355 quid
880 1279 988 1338 teli
1025 1280 1136 1337 aut
1171 1277 1526 1336 munimenti
1559 1276 1753 1353 procis
1800 1275 1877 1334 ad
1920 1295 2166 1335 manum
2212 1274 2292 1332 sit

286 1357 598 1447 (1—46);
641 1368 774 1425 tum
808 1366 935 1443 ipse
981 1368 1143 1426 solus
1181 1385 1316 1425 cum
1353 1366 1647 1442 Penelope
1684 1365 1912 1425 confert
1946 1382 2290 1440 sermonem,

285 1455 348 1512 in
413 1474 532 1530 quo
597 1454 817 1514 similia
878 1458 951 1514 ut
1012 1474 1204 1531 nuper
1270 1454 1347 1512 ad
1408 1454 1743 1513 Eumaeum
1806 1451 2290 1529 comminiscitur,

285 1543 522 1602 Ulixem
581 1543 645 1601 in
710 1543 886 1603 Creta
957 1544 1118 1620 apud
1189 1561 1250 1602 se
1322 1543 1582 1618 hospitio
1655 1543 2029 1602 deversatum
2100 1540 2291 1619 fingit,

288 1632 472 1690 etiam
534 1632 822 1691 vestitum
887 1632 1015 1691 eius
1080 1634 1141 1692 et
1203 1631 1327 1690 alia
1388 1632 1464 1690 ad
1525 1631 1701 1690 fidem
1761 1630 2093 1690 faciendam
2155 1649 2291 1689 vere

232 1720 238 1729 ‘
290 1720 584 1797 describit,
631 1720 883 1796 denique
929 1721 1094 1780 iurat
1136 1739 1197 1779 se
1235 1720 1397 1796 apud
1443 1720 1801 1796 Thesprotos
1846 1720 1918 1778 de
1954 1719 2291 1795 propinquo

288 1808 487 1868 reditu
522 1809 711 1885 ipsius
749 1809 1046 1869 audivisse
1094 1801 1206 1890 (47
1219 1800 1479 1890 -307).
1569 1808 1884 1868 Delectata
1925 1807 2019 1866 his
2063 1807 2293 1866 nuntiis

289 1898 581 1974 Penelope
651 1897 966 1975 hospitalis
1029 1897 1210 1958 officii
1272 1915 1456 1956 causa
1516 1897 1573 1956 ei
1633 1896 1811 1973 pedes
1875 1896 2040 1955 ablui
2101 1896 2294 1973 iubet3

292 1987 452 2064 quod
485 1987 629 2045 dum
663 1987 812 2046 facit
843 1988 1141 2063 Euryclea
1177 1986 1397 2064 nutrix,
1436 1986 1511 2045 ab
1549 2006 1619 2045 ea
1654 1986 1914 2062 primum
1950 1985 2296 2063 agnoscitur

290 2096 362 2135 ex
406 2075 704 2154 cicatrice,
762 2093 944 2151 quam
988 2076 1052 2134 in
1096 2076 1389 2135 Parnasso
1445 2075 1747 2152 quondam
1789 2093 2012 2133 venans
2059 2093 2293 2150 accepe-

289 2166 412 2241 rat3
457 2164 560 2224 sed
604 2166 834 2224 coercet
877 2164 1085 2223 statim
1129 2164 1470 2241 mulierem,
1515 2184 1589 2222 ne
1635 2163 1781 2240 quid
1824 2164 1988 2222 ultra
2043 2164 2296 2240 quaerat

289 2253 385 2312 vel
439 2252 669 2331 garriat
721 2244 1148 2335 (308—507).
1240 2252 1403 2312 Ulixi
1455 2251 1665 2311 dehinc
1717 2252 1928 2330 ignara
1979 2251 2069 2310 rei
2111 2253 2294 2311 Pene-

291 2342 426 2417 lope
482 2341 816 2401 ominosum
870 2342 940 2400 de
994 2342 1208 2400 reduce
1262 2361 1400 2400 mox
1452 2340 1703 2420 coniuge
1749 2340 2045 2399 somnium
2088 2343 2295 2399 narrat

293 2421 728 2511 (508—553);
766 2430 865 2488 cui
900 2433 1100 2489 tamen
1129 2450 1248 2490 non
1277 2429 1424 2488 satis
1452 2428 1671 2490 confisa
1700 2428 1942 2506 exponit
1968 2447 2029 2489 se
2056 2431 2293 2505 postero

290 2518 384 2578 die
428 2518 624 2596 procis
669 2520 967 2578 certamen
1004 2518 1343 2579 oblaturam
1380 2520 1562 2594 atque
1599 2518 1672 2596 ei,
1719 2517 1824 2594 qui
1860 2517 2052 2576 Ulixis
2089 2537 2294 2577 arcum

289 2607 571 2666 facillime
617 2606 939 2666 intenderit
983 2607 1341 2686 sagittisque
1379 2607 1677 2666 destinata
1711 2606 1964 2683 ferierit,
2010 2606 2292 2666 continuo

288 2698 615 2771 nupturam
660 2713 785 2754 esse
834 2696 1074 2772 (554-
1000 2687 1258 2777 -.581)
1353 2695 1523 2766 Quod
1558 2695 1873 2755 consilium
1909 2713 2045 2754 cum
2082 2714 2293 2771 appro-

287 2784 457 2844 bavit
498 2783 686 2861 Ulixi,
733 2784 1003 2843 cubitum
1046 2784 1155 2843 illa
1199 2784 1450 2844 discedit
1494 2776 1735 2865 (582—
1661 2781 1918 2857 —604)

1221 2990 1359 3054 XX.

418 3102 582 3162 Ulixi
644 3102 749 3162 diu
811 3102 1096 3163 insomnis
1155 3122 1300 3180 nox,
1358 3102 1713 3161 ancillarum
1765 3100 2017 3161 lascivos
2072 3100 2293 3160 discur-

289 3209 389 3250 sus
445 3191 941 3251 animadvertenti
994 3193 1057 3250 et
1107 3211 1425 3268 procorum
1477 3192 1715 3250 caedem
1775 3189 1946 3249 anxie
2005 3188 2296 3267 cogitanti

290 3271 356 3361 (1
378 3311 452 3321 —-
471 3272 601 3361 30).
703 3280 968 3339 Tandem
1030 3278 1341 3339 confirmat
1403 3299 1541 3338 eum
1602 3279 1871 3338 Minerva
1942 3279 2004 3337 et
2068 3280 2297 3337 recreat

288 3386 512 3446 somn0,
550 3389 622 3428 ex
659 3388 779 3445 quo
816 3368 1094 3427 lamentis
1131 3368 1464 3444 Penelopae
1501 3367 1794 3428 excitatus
1836 3386 1873 3426 a
1908 3366 2049 3426 Iove
2093 3367 2297 3424 fausta

289 3455 488 3517 omina
522 3457 716 3532 poscit
752 3459 934 3533 atque
972 3456 1192 3533 accipit
1219 3448 1418 3537 (31—
1434 3452 1604 3538 121).
1673 3457 1848 3515 Mane
1884 3454 2051 3532 regia
2086 3454 2297 3512 domus

289 3547 538 3606 ornatur
591 3564 758 3606 sacro
812 3545 1150 3622 Apollinari
1205 3564 1394 3605 novae
1449 3546 1654 3623 lunae,
1708 3545 1852 3603 dum
1908 3541 2296 3602 Telemachus

1908 3638 1980 3693 b*
