2646 3932
1054 165 1470 217 οΔΤΣΣΕῙΑΣ
1507 168 1571 220 X.
2072 152 2076 156 ’
2201 168 2321 230 151

310 317 535 373 κεῖνον
579 309 704 392 γὰρ
748 310 989 392 ταμίην
1036 307 1297 392 ἀνέμων
1343 310 1575 392 ποίησε
1621 311 1964 394 Κρονίων,

311 410 475 498 ήμὲν
519 412 881 498 παυέμεναι
924 413 1032 497 ἠδ’
1084 414 1396 500 ὀρνύμεν,
1444 414 1524 480 ὅν
1567 412 1628 479 κ’
1682 413 2010 500 ἐθέλῃσιν.

310 518 424 604 νηὶ
469 517 530 586 δ’
585 519 684 586 ἐνὶ
727 524 1036 606 γλαφυρῇ
1082 518 1341 585 κατέδει
1385 518 1661 605 μέρμιθι
1706 529 1945 606 φαεινῇ

312 625 631 713 ἀργυρέῃ,
678 628 789 692 ἵνα
835 626 922 712 μή
968 650 1034 692 τι
1077 627 1508 712 παραπνεύσῃ
1554 627 1784 710 ὀλίγον
1827 647 1977 713 περ·

312 733 519 820 αὐτὰρ
566 732 711 818 ἐμοὶ
755 733 997 817 πνοιὴν
1045 733 1361 818 Ζεφύρου
1405 731 1735 818 προέηκεν
1780 732 2009 816 ἀῆναι,
2264 752 2331 800 25

312 842 488 925 ὄφρα
534 838 729 925 φέροι
773 839 939 922 νῆάς
982 861 1051 904 τε
1097 836 1208 904 καὶ
1255 838 1524 916 αὐτούς·
1571 837 1719 904 οὐδ’
1772 834 1877 925 ἄρ’
1931 842 2199 924 ἔμελλεν

312 944 655 1011 ἐκτελέειν·
702 944 925 1010 αὐτῶν
969 946 1097 1031 γὰρ
1144 942 1523 1029 ἀπωλόμεθ’
1579 943 2003 1031 ἀφραδίῃσιν.

399 1050 690 1137 ἐννῆμαρ
735 1047 858 1135 μὲν
904 1050 1078 1135 ὁμῶς
1122 1050 1407 1136 πλέομεν
1432 1051 1694 1128 ’νύκτας
1737 1075 1807 1117 τε
1851 1051 1961 1118 καὶ
2007 1047 2211 1138 ἦμαρ,

309 1168 388 1243 τῇ
436 1159 674 1242 δεκάτῃ
722 1154 784 1222 δ’
836 1157 988 1240 ἤδη,
1011 1156 1407 1242 ἀνεφαίνετο
1452 1155 1685 1243 πατρὶς
1730 1158 2014 1244 ἄρουρα,

308 1261 421 1329 καὶ
466 1264 548 1347 δὴ
592 1260 1086 1349 πυρπολέοντας
1131 1261 1529 1348 ἐλεύσσομεν
1576 1262 1771 1346 ἐγγὺς
1817 1262 2061 1341 ἐόντες*
2262 1283 2331 1332 30

311 1367 457 1434 ἔνθ’
511 1366 621 1454 ἐμὲ
667 1365 789 1454 μὲν
832 1372 1080 1453 γλυκὺς
1123 1363 1334 1446 ὕπνος
1379 1368 1670 1452 ἐπήλυθε
1716 1382 2084 1455 κεκμηῶτα,

311 1473 441 1540 αἰεὶ
485 1477 612 1562 γὰρ
658 1476 830 1541 πόδα
874 1476 1036 1559 νηὸς
1081 1474 1384 1559 ἐνώμων,
1431 1474 1596 1540 οὐδέ
1637 1498 1727 1563 τφ
1775 1476 1951 1564 ἄλλῳ

312 1578 468 1666 δῶχ’
522 1580 804 1667 ἑτάρων,
850 1581 961 1646 ἵνα
1004 1586 1267 1646 θᾶσσον
1315 1581 1625 1665 ἱκοίμεθα
1669 1583 1954 1668 πατρίδα
2001 1595 2224 1665 γαῖαν·

310 1688 382 1753 oc
424 1685 484 1751 δ’
538 1687 759 1773 ἕταροι
805 1685 1063 1752 ἐπέεσσι
1106 1686 1271 1772 πρὸς
1317 1685 1646 1770 ἀλλήλους
1692 1686 2023 1774 ἀγόρευον

310 1796 427 1859 καί
466 1787 532 1878 μ’
586 1796 844 1877 ἔφασαν
887 1794 1140 1878 χρυσόν
1183 1815 1254 1857 τε
1301 1790 1412 1857 καὶ
1459 1793 1755 1878 ἄργυρον
1792 1791 2004 1860 οἴκαδ’
2050 1798 2330 1879 ἄγεσθαι

312 1901 493 1986 δῶρα
537 1896 691 1986 παρ’
743 1901 1000 1964 Αἰόλου
1054 1897 1499 1985 μεγαλήτορος
1536 1896 1947 1966 Ἱπποτάδαο.
2263 1922 2329 1971 36

312 2001 440 2071 ὧδε
488 2005 566 2071 δέ
606 2029 706 2082 τις
749 2011 1047 2070 εἴπεσκεν
1095 2005 1259 2070 ἰδὼν
1304 2004 1373 2082 ἐς
1416 2009 1700 2090 πλησίον
1747 2007 1978 2073 ἄλλον·

312 2113 386 2195 ,ὢ
432 2113 663 2193 πόποι,
711 2112 799 2188 ὡς
844 2111 957 2175 ὅδε
1003 2120 1163 2176 πᾶσι
1210 2115 1407 2196 φίλος
1450 2110 1563 2176 καὶ
1609 2115 1821 2196 τίμιός
1867 2114 2047 2179 ἐστιν

311 2217 724 2303 ἀνθρώποις,
771 2217 976 2281 ὅτεών
1020 2240 1090 2282 τε
1135 2219 1333 2283 πόλιν
1376 2217 1489 2283 καὶ
1533 2230 1732 2301 γαῖαν
1778 2220 2011 2303 ἵκηται.

310 2324 521 2388 πολλὰ
565 2320 687 2407 μὲν
733 2322 804 2388 ἐκ
858 2325 1097 2409 Τροίης
1143 2324 1369 2405 ἄγεται
1412 2323 1716 2409 κειμήλια
1758 2327 1926 2391 καλὰ
2264 2346 2332 2395 40

312 2430 569 2513 ληίδος,
614 2429 800 2513 ἡμεῖς
846 2426 907 2493 δ’
960 2424 1116 2495 αὖτε
1163 2428 1335 2513 ὁμὴν
1381 2430 1544 2496 ὁδὸν
1590 2429 2039 2510 ἐκτελέσαντες

311 2536 536 2600 οἴκαδε
580 2537 949 2619 νισσόμεθα
993 2536 1222 2612 κενεὰς
1267 2537 1395 2600 σὺν
1439 2546 1661 2622 χεῖρας
1705 2539 1992 2621 ἔχοντες·

308 2639 421 2706 καὶ
463 2650 592 2705 νῦν
638 2641 725 2705 οἱ.
747 2639 890 2706 τάδ’
943 2642 1145 2707 ἔδωκε
1190 2645 1614 2729 χαριζόμενος
1657 2645 1962 2728 φιλότητι

309 2752 575 2824 Αἴολος.
668 2745 810 2812 ἀλλ’
865 2748 981 2831 ἄγε
1025 2753 1290 2814 θᾶσσον
1338 2749 1668 2834 ἰδώμεθα,
1715 2750 1854 2816 ὅττι
1897 2750 2041 2817 τάδ’
2096 2752 2304 2837 ἐστίν,

309 2854 508 2931 ὅσσος
552 2878 650 2931 τις
693 2856 938 2939 χρυσός
982 2877 1050 2920 τε
1097 2852 1206 2921 καὶ
1253 2856 1542 2940 ἄργυρος
1587 2855 1765 2944 ἀσκῷ
1813 2857 2108 2923 ἔνεστινὲ
2262 2877 2329 2924 45

400 2954 488 3037 ὥς
532 2962 820 3045 ἔφασαν,
866 2962 1076 3045 βουλὴ
1125 2958 1198 3026 δὲ
1242 2962 1408 3045 κακὴ
1454 2964 1724 3045 νίκησεν
1771 2962 2074 3050 ἑταίρων·

311 3064 515 3129 ἀσκὸν
561 3061 681 3149 μὲν
727 3071 971 3150 λῦσαν,
1018 3068 1249 3151 ἄνεμοι
1295 3065 1358 3132 δ’
1412 3066 1485 3132 ἐκ
1527 3069 1767 3145 πάντες
1812 3070 2120 3155 ὄρουσαν.

310 3173 466 3247 τοὺς
514 3169 575 3235 δ’
629 3167 769 3249 αἶψ’
822 3171 1166 3257 ἁρπάξασα
1212 3171 1417 3259 φέρεν
1462 3175 1785 3239 πόντονδε
1828 3175 2083 3240 θύελλα

310 3278 687 3360 κλαίοντας,
734 3280 925 3361 γαίης
970 3278 1097 3343 άπο
1144 3279 1478 3364 πατρίδος.
1571 3279 1781 3365 αὐτὰρ
1826 3279 1953 3362 ἐγώ
1999 3304 2073 3363 γε

311 3381 664 3467 ἐγρόμενος
710 3383 873 3447 κατὰ
916 3383 1143 3467 θυμὸν
1188 3381 1497 3467 ἀμύμονα
1543 3383 1937 3471 μερμήριξα,
2261 3405 2328 3453 50

310 3483 385 3570 ἠὲ
429 3488 648 3552 πεσὼν
693 3486 764 3551 ἐκ
807 3488 967 3570 νηὸς
1012 3488 1408 3573 ἀποφθίμην
1454 3487 1554 3554 ἐνὶ
1599 3493 1852 3580 πόντῳ,
