2646 3932
420 144 444 204 l
464 142 544 204 14
1166 142 1586 195 ΟΔΤΣΣΕΙΔΣ
1622 141 1689 194 Θ.

412 286 841 369 Δημόδοκον·
887 293 978 373 τῷ
1024 285 1152 370 γάρ
1199 285 1285 371 ῥα
1328 285 1490 362 θεὸς
1533 282 1684 370 πέρι
1729 285 1941 350 δῶκεν
1986 283 2223 366 ἀοιδὴν

410 389 703 476 τέρπειν,
751 390 926 476 ὅππῃ
971 391 1190 475 θυμὸς
1236 390 1679 476 ἐποτρύνῃσιν
1725 388 2036 455 ἀείδειν.“
2366 404 2439 453 45

500 491 589 573 ὥς
636 496 765 581 ἄρα
809 498 1125 580 φωνήσας
1167 495 1493 580 ἡγήσατο,
1538 493 1643 561 τοὶ
1688 490 1752 560 δ’
1803 489 1914 580 ἅμ’
1966 493 2202 561 ἕποντο

412 610 840 686 σκηπτοῦχοι·
884 601 1090 687 κῆρυξ
1137 598 1211 668 δὲ
1255 600 1579 690 μετῴχετο
1624 597 1819 667 θεῖον
1866 599 2115 666 ἀοιδόν.

411 707 631 792 κούρω
678 702 753 773 δὲ
797 704 1146 792 κρινθέντε
1193 708 1333 774 δύω
1378 705 1490 773 καὶ
1534 710 1941 791 πεντήκοντα

410 814 649 897 βήτην,
696 812 785 890 ὡς
830 806 1146 896 ἐκέλευσ’,
1192 811 1298 879 ἐπὶ
1343 807 1485 878 θῖν’
1538 812 1694 890 ἁλὸς
1739 811 2141 898 ἀτρυγέτοιο.

411 917 618 1004 αὐτὰρ
665 916 811 984 ἐπεί
848 912 911 1004 ῤ’
961 916 1068 985 ἐπὶ
1111 927 1241 1002 νῆα
1284 922 1667 1003 κατήλυθον
1710 914 1830 1002 ἠδὲ
1872 919 2254 999 θάλασσαν,
2365 932 2437 982 50

287 1079 299 1088 .
410 1031 540 1107 νῆα
582 1020 705 1108 μὲν
751 1024 823 1090 οἵ
858 1047 935 1108 γε
979 1022 1298 1109 μέλαιναν
1343 1024 1500 1103 ἁλὸς
1543 1023 1873 1110 βένθοσδε
1918 1027 2237 1110 ἔρυσσαν,

412 1127 485 1194 ἐν
530 1124 593 1195 δ’
646 1130 832 1196 ἱστόν
874 1125 943 1196 τ’
990 1130 1287 1197 ἐτίθεντο
1333 1129 1445 1197 καὶ
1492 1132 1666 1197 ίστία
1709 1129 1822 1216 νηὶ
1866 1134 2170 1216 μελαίνῃ,

413 1235 782 1320 ἠρτύναντο
828 1232 891 1302 δ’
942 1235 1177 1322 ἐρετμὰ
1219 1247 1490 1322 τροποῖς
1535 1236 1609 1303 ἐν
1653 1238 2174 1323 δερματίνοισιν,

414 1341 653 1421 [πάντα
696 1342 861 1407 κατὰ
905 1352 1177 1427 μοῖραν,
1224 1342 1354 1408 ἀνά
1395 1337 1470 1409 θ’
1524 1343 1699 1408 ίστία
1743 1343 1946 1408 λευκὰ
1988 1339 2365 1421 πέτασσαν.]

412 1444 588 1523 ὑψοῦ
633 1441 695 1512 δ’
748 1446 822 1513 ἐν
864 1450 1063 1536 νοτίςο
1109 1451 1232 1532 τήν
1275 1442 1342 1532 γ’
1393 1449 1717 1534 ὥρμισαν·
1763 1448 1970 1533 αὐτὰρ
2017 1450 2237 1513 ἔπειτα
2360 1462 2431 1511 65

410 1551 539 1634 βάν
585 1546 647 1638 ῤ’
699 1558 847 1638 ἴμεν
888 1547 1250 1620 Ἀλκινόοιο
1298 1555 1664 1640 δαΐφρονος
1710 1554 1776 1631 ἐς
1822 1552 1988 1639 μέγα
2034 1555 2237 1637 δῶμα.

410 1662 658 1740 πλῆντο
697 1652 759 1723 δ’
802 1653 909 1744 ἄρ’
952 1662 1279 1725 αἴθουσαί
1306 1682 1378 1725 τε
1413 1658 1526 1725 καὶ
1561 1658 1754 1745 ἕρκεα
1789 1657 1901 1726 καὶ
1939 1660 2134 1743 δόμοι
2162 1656 2431 1742 ἀνδρῶν

413 1761 853 1848 [ἀγρομένων
898 1763 1134 1830 πολλοὶ
1180 1760 1243 1830 δ’
1296 1759 1404 1851 ἄρ’
1457 1767 1647 1848 ἔσαν,
1692 1763 1837 1831 νέοι
1881 1759 2002 1847 ἠδὲ
2045 1764 2364 1844 παλαιοιΊ.

410 1879 628 1934 τοῖσιν
674 1863 739 1935 δ’
787 1863 1120 1948 Ἀλκίνοος
1165 1872 1562 1937 δυοκαίδεκα
1608 1865 1760 1956 μῆλ’
1814 1870 2136 1957 ἱέρευσεν,

409 1974 578 2040 ὀκτὼ
625 1970 688 2041 δ’
739 1976 1171 2063 ἀργιόδοντας
1215 1978 1370 2062 ὕας,
1418 1978 1542 2044 δύο
1588 1973 1651 2044 δ’
1703 1980 2038 2054 εἰλίποδας
2081 1980 2270 2061 βοῦς·
2359 1992 2430 2041 60

409 2083 565 2158 τοὺς
602 2079 800 2167 δέρον
847 2083 1024 2167 ἀμφί
1050 2077 1126 2149 θ’
1168 2083 1332 2149 ἕπον
1366 2085 1715 2150 τετύκοντό
1751 2107 1821 2150 τε
1860 2077 2031 2149 δαῖτ’
2066 2082 2426 2168 ἐρατεινήν.

496 2186 702 2273 κῆρυξ
747 2182 810 2253 δ’
861 2187 1149 2272 ἐγγύθεν
1193 2184 1407 2272 ἦλθεν
1451 2190 1635 2273 ἄγων
1680 2188 1949 2276 ἐρίηρον
1994 2188 2256 2270 ἀοιδόν,

407 2292 526 2357 τὸν
570 2291 719 2377 πέρι
763 2303 980 2378 μοῦσα
1025 2297 1295 2379 φίλησε,
1345 2296 1540 2361 δίδου
1583 2290 1647 2361 δ’
1690 2295 1951 2379 ἀγαθόν
1984 2317 2055 2361 τε
2089 2296 2294 2359 κακόν
2329 2314 2428 2359 τε·

408 2397 783 2484 ὀφθαλμῶν
827 2396 950 2484 μὲν
994 2401 1266 2486 ἄμερσε,
1314 2402 1510 2466 δίδου
1558 2396 1619 2466 δ’
1669 2401 1904 2485 ἡδεῖαν
1949 2400 2201 2485 ἀοιδήν.

407 2512 497 2591 τῷ
545 2499 607 2569 δ’
659 2505 786 2590 ἄρα
834 2508 1217 2583 Ποντόνοος
1259 2512 1430 2589 θῆκε
1474 2510 1734 2592 θρόνον
1778 2506 2196 2593 ἀργυρόηλον
2355 2522 2425 2572 65

406 2606 625 2698 μέσσω
672 2611 1121 2695 δαιτυμόνων,
1166 2612 1331 2697 πρὸς
1375 2613 1568 2678 κίονα
1614 2614 1866 2699 μακρὸν
1914 2612 2194 2698 ἐρείσας·

406 2709 553 2780 κὰδ’
606 2709 670 2781 δ’
719 2714 791 2782 ἐκ
834 2719 1216 2801 πασσαλόφι
1259 2714 1587 2803 κρέμασεν
1632 2720 1970 2804 φόρμιγγα
2016 2721 2269 2802 λίγειαν

407 2819 614 2886 αὐτοῦ
658 2816 824 2907 ὑπὲρ
867 2827 1157 2906 κεφαλῆς
1211 2821 1321 2888 καὶ
1366 2821 1696 2909 ἐπέφραδε
1739 2822 1967 2910 χερσὶν
2014 2822 2283 2889 ἑλέσθαι

405 2927 637 3011 κῆρυξ·
682 2926 814 3012 πὰρ
861 2921 925 2993 δ’
976 2926 1183 2993 ἐτίθει
1227 2929 1470 2995 κάνεον
1514 2933 1724 3014 καλήν
1768 2953 1839 2997 τε
1882 2932 2232 3017 τράπεζαν,

405 3032 537 3118 πὰρ
584 3028 657 3098 δὲ
703 3030 903 3111 δέπας
948 3040 1161 3100 οἴνοιο
1207 3045 1414 3119 πιεῖν,
1462 3036 1567 3102 ὅτε
1612 3037 1830 3122 θυμὸς
1877 3037 2139 3120 ἀνώγοι.
2354 3051 2424 3101 70

406 3137 477 3203 οἰ
517 3133 580 3203 δ’
632 3132 732 3204 ἐπ’
783 3133 1039 3213 ὀνείαθ’
1092 3138 1317 3225 ἑτοῖμα
1362 3145 1759 3226 προκείμενα
1802 3153 2024 3228 χεῖρας
2069 3145 2313 3207 ἴαλλον.

405 3243 613 3330 αὐτὰρ
660 3243 800 3311 ἐπεὶ
842 3247 1073 3323 πόσιος
1117 3243 1228 3311 καὶ
1274 3245 1549 3330 ἐδητύος
1593 3246 1660 3327 ἐξ
1706 3250 1862 3333 ἔρον
1905 3247 2087 3331 ἕντο,

404 3344 598 3434 μοῢσ’
649 3345 755 3435 ἄρ’
807 3349 1039 3416 ἀοιδὸν
1084 3350 1329 3435 ἀνῆκεν
1374 3351 1747 3437 ἀειδέμεναι
1790 3350 1948 3419 κλέα
1993 3352 2287 3438 ἀνδρῶν,

405 3461 597 3540 οἴμης
639 3464 756 3539 τῆς
797 3449 934 3521 τότ’
985 3456 1112 3541 ἄρα
1155 3455 1346 3534 κλέος
1390 3457 1684 3543 οὐρανὸν
1727 3458 1934 3543 εὐρὺν
1979 3458 2234 3542 ἵκανεν,
