2646 3932
261 229 277 242 ,
384 173 470 236 64
1132 174 1552 226 οΔΤΣΣΕῙΑΣ
1589 175 1654 226 Δ.

377 313 583 400 κλαῖ’,
629 314 769 382 ἐπεὶ
813 316 935 383 οὐκ
980 318 1221 381 ἄνυσίν
1264 340 1416 382 τινα
1462 317 1736 400 δήομεν·
1782 315 1948 381 ἀλλὰ
1993 316 2262 399 τάχιστα

384 425 610 507 πείρα,
658 422 835 499 ὅπως
878 445 994 488 κεν
1041 422 1124 504 δὴ
1173 422 1300 505 σὴν
1344 422 1629 506 πατρίδα
1673 431 1873 504 γαῖαν
1919 421 2116 504 ἵκηαι.
2300 437 2401 486 545

260 543 266 550 ‘
382 527 423 611 ἢ
469 529 597 614 γάρ
642 552 758 612 μιν
805 530 971 607 ζωόν
1015 550 1091 610 γε
1135 529 1465 611 κιχήσεαι,
1509 528 1553 610 ἥ
1597 550 1713 592 κεν
1753 524 2055 612 Ὀρέστης

380 644 637 700 κτεῖνεν
679 633 1192 719 ὑποφθάμενος,
1239 636 1326 699 σὺ
1369 633 1450 699 δέ
1490 656 1607 699 κεν
1641 633 1862 717 τάφου
1898 632 2402 716 ἀντιβολήσαιςέ

472 734 562 818 ὧς
605 737 823 825 ἔφατ’,
869 740 1080 825 αὐτὰρ
1125 737 1272 823 ἐμοὶ
1315 740 1555 825 κραδίη
1601 737 1713 805 καὶ
1756 740 1976 822 θυμὸς
2022 738 2287 824 ἀγήνωρ

382 840 568 922 αὖτις
614 842 716 911 ἐνὶ
762 848 1083 930 στήθεσσι
1126 842 1238 910 καὶ
1284 844 1630 933 ἀχνυμένῳ
1676 866 1800 930 περ
1849 843 2082 927 ἰάνθη,

380 954 498 1017 καί
537 975 653 1036 μιν
697 952 1015 1035 φωνήσας
1060 953 1216 1016 ἔπεα
1260 943 1616 1037 πτερόεντα
1661 950 2091 1036 προσηύδων·
2298 967 2401 1017 550

383 1057 685 1132 ίτούτους
729 1053 852 1139 μὲν
899 1057 981 1139 δὴ
1031 1051 1183 1122 οἶδα
1203 1077 1219 1093 ·
1293 1059 1379 1121 σὺ
1425 1053 1499 1122 δὲ
1544 1059 1771 1141 τρίτον
1817 1054 2007 1142 ἄνδρ’
2060 1055 2365 1141 ὀνόμαζε,

389 1162 462 1239 ὅς
506 1186 605 1239 τις
648 1163 746 1226 ἔτι
793 1159 952 1240 ζωὸς
994 1162 1418 1248 κατερύκεται
1462 1160 1642 1248 εὐρέι
1686 1164 1907 1251 πόντςο

389 1264 492 1351 [ἠὲ
536 1267 798 1332 θανών·
864 1265 1074 1332 ἐθέλω
1122 1264 1196 1333 δὲ
1240 1266 1353 1333 καὶ
1398 1268 1765 1352 ἀχνύμενός
1808 1288 1932 1353 περ
1978 1266 2325 1355 ἀκοῢσαι].ι

472 1367 560 1451 ὧς
605 1372 868 1457 ἐφάμην
878 1421 898 1456 ,
946 1372 983 1438 ὁ
1030 1371 1111 1438 δέ
1141 1371 1208 1458 μ’
1262 1371 1473 1439 αὐτίκ’
1520 1374 1951 1458 ἀμειβόμενος
1985 1372 2402 1458 προσέειπεν·

384 1479 552 1556 (υίὸς
595 1477 936 1565 Λαέρτεω,
976 1477 1203 1564 Ἰθάκῃ
1250 1481 1352 1544 ἔνι
1396 1481 1573 1545 οἰκία
1615 1482 1852 1545 ναίων·
1980 1559 1987 1565 ¹
2297 1497 2401 1546 555

384 1586 501 1651 τὸν
547 1581 612 1650 δ’
667 1585 819 1650 ἴδον
864 1583 938 1650 ἐν
980 1587 1163 1673 νήσῳ
1209 1587 1504 1670 θαλερὸν
1548 1586 1713 1650 κατὰ
1761 1585 1974 1670 δάκρυ
2018 1584 2284 1670 χέοντα,

388 1691 648 1775 νύμφης
693 1690 766 1757 ἐν
811 1691 1158 1776 μεγάροισι
1202 1693 1596 1774 Καλυψοῦς,
1641 1691 1685 1774 ἥ
1730 1714 1846 1775 μιν
1892 1690 2145 1777 ἀνάγκῃ

384 1803 578 1880 ἴσχει·
642 1796 679 1862 ὁ
724 1794 787 1861 δ’
840 1796 923 1862 οὐ
970 1797 1249 1862 δύναται
1291 1796 1379 1880 ἣν
1421 1797 1707 1882 πατρίδα
1750 1807 1949 1880 γαῖαν
1997 1796 2284 1863 ἱκέσθαι·

384 1902 465 1969 οὐ
510 1903 637 1987 γάρ
682 1903 756 1969 οἱ
793 1904 971 1990 πάρα
1015 1911 1171 1987 νῆες
1215 1901 1567 1989 ἐπήρετμοι
1609 1899 1721 1969 καὶ
1766 1900 2045 1991 ἑταῖροι,

365 2010 455 2074 ὀἵ
492 2007 608 2075 κέν
653 2034 770 2094 μιν
815 2008 1137 2094 πέμποιεν
1182 2006 1282 2076 ἐπ’
1336 2007 1532 2096 εὐρέα
1576 2019 1754 2074 νῶτα
1798 2011 2158 2094 θαλάσσης.
2296 2028 2402 2078 550

384 2113 492 2180 σοὶ
537 2112 599 2179 δ’
653 2114 736 2181 οὐ
779 2113 1126 2199 θέσφατόν
1170 2114 1339 2198 ἐστι,
1387 2111 1732 2201 διοτρεφὲς
1776 2110 1829 2181 ὦ
1874 2114 2207 2200 Μενέλαε,

373 2219 592 2306 ’Ἀργει
639 2218 713 2285 ἐν
760 2221 1095 2309 ἱπποβότῳ
1140 2219 1415 2286 θανέειν
1458 2218 1570 2286 καὶ
1612 2223 1867 2305 πότμον
1913 2221 2238 2306 ἐπισπεῖν,

384 2325 549 2391 ἀλλά
596 2323 657 2390 σ’
711 2324 778 2403 ἐς
817 2322 1136 2392 Ἠλύσιον
1180 2327 1414 2392 πεδίον
1457 2324 1569 2392 καὶ
1613 2328 1888 2413 πείρατα
1933 2330 2125 2412 γαίης

383 2430 710 2496 ἀθάνατοι
754 2430 1160 2516 πέμψουσιν,
1208 2431 1326 2497 ὅθι
1371 2432 1617 2512 ξανθὸς
1652 2429 2139 2517 Ῥαδάμανθυς,

379 2546 460 2621 τῇ
504 2558 629 2623 περ
675 2537 906 2622 ῥηίστη
951 2537 1140 2620 βιοτὴ
1187 2536 1369 2602 πέλει
1415 2537 1902 2623 ἀνθρώποισιν·
2295 2557 2399 2607 555

382 2643 465 2708 οὐ
508 2645 805 2727 νιφετός,
861 2639 1002 2708 οὔτ’
1055 2641 1140 2728 ἂρ
1193 2644 1438 2727 χειμὼν
1482 2647 1690 2721 πολὺς
1735 2644 1887 2710 οὔτε
1931 2642 2077 2710 ποτ’
2131 2646 2399 2732 ὄμβρος,

381 2746 523 2814 ἀλλ’
576 2746 707 2814 αἰεὶ
753 2749 1087 2835 Ζεφύροιο
1133 2752 1287 2832 λιγὺ
1332 2752 1677 2827 πνείοντος
1720 2750 1923 2834 ἀήτας

376 2853 683 2931 Ὠκεανὸς
727 2854 995 2938 ἀνίησιν
1040 2855 1407 2939 ἀναψύχειν
1453 2855 1882 2942 ἀνθρώπους·

381 2956 599 3025 οὕνεκ’
653 2962 819 3042 ἔχεις
854 2957 1129 3044 Ἑλένην
1172 2963 1290 3026 καί
1330 2976 1495 3045 σφιν
1537 2963 1833 3046 γαμβρὸς
1875 2964 2044 3039 Διός
2087 2961 2272 3028 ἐσσιέ

468 3060 557 3142 ὥς
604 3065 808 3131 εἰπὼν
853 3064 983 3132 ὑπὸ
1030 3068 1278 3131 πόντον
1325 3065 1595 3131 ἐδύσετο
1641 3070 2065 3151 κυμαίνοντα.
2290 3085 2399 3134 570

380 3170 588 3257 αὐτὰρ
635 3169 806 3253 ἐγὼν
851 3169 959 3236 ἐπὶ
1004 3180 1169 3254 νῆας
1214 3170 1325 3256 ἅμ’
1378 3170 1715 3249 ἀντιθέοις
1760 3170 2094 3258 ἑτάροισιν

377 3277 520 3359 ἤια,
566 3277 779 3342 πολλὰ
826 3274 905 3341 δέ
945 3300 1060 3361 μοι
1103 3279 1343 3362 κραδίη
1388 3280 1694 3363 πόρφυρε
1739 3280 1968 3343 κιόντι.

376 3382 586 3467 αὐτὰρ
633 3381 778 3447 ἐπεί
817 3380 878 3469 ῤ’
932 3381 1039 3448 ἐπὶ
1081 3390 1211 3466 νῆα
1255 3385 1676 3468 κατήλθομεν
1720 3381 1838 3467 ἠδὲ
1881 3384 2261 3469 θάλασσαν,

377 3488 633 3573 δόρπον
677 3486 751 3553 θ’
805 3486 1269 3573 ὁπλισάμεσθ’,
1315 3487 1431 3554 ἐπί
1467 3487 1525 3553 τ’
1577 3490 1834 3572 ἤλυθεν
1880 3489 2206 3577 ἀμβροσίη
2243 3491 2397 3571 νύξ·
