2646 3932
2153 156 2268 183 κάκ’

1052 211 1470 262 οΔΤΣΣΕῐΑΣ
1506 212 1547 262 1.
1933 200 2102 343 f
2127 188 2136 193 ’
2270 207 2310 271 3

295 361 499 435 νῆσος
544 354 982 437 δενδρήεσσα,
1027 353 1156 418 θεὰ
1202 350 1264 418 δ’
1318 351 1392 418 ἐν
1437 353 1706 437 δώματα
1749 355 1951 434 ναίει,

283 457 639 535 ’Ἄτλαντος
682 460 987 543 θυγάτηρ
1037 459 1479 542 ὀλοόφρονος,
1527 457 1600 534 ὅς
1644 480 1713 523 τε
1757 459 2102 543 θαλάσσης

296 565 508 647 πάσης
551 563 800 648 βένθεα
846 561 1060 648 οἶδεν,
1107 567 1238 649 ἔχει
1284 562 1365 628 δέ
1404 587 1473 628 τε
1520 566 1747 640 κίονας
1791 564 1987 641 αὐτὸς

298 671 580 754 μακράς,
628 673 703 735 αἲ
740 672 939 753 γαῖάν
983 694 1052 737 τε
1098 668 1209 736 καὶ
1255 670 1549 754 οὐρανὸν
1595 667 1801 753 ἀμφὶς
1844 673 2128 754 ἔχουσιν.

296 784 418 841 τοῦ
461 777 766 862 θυγάτηρ
814 778 1148 860 δύστηνον
1196 776 1609 861 ὀδυρόμενον
1652 777 2022 862 κατερύκει,
2248 791 2314 840 66

298 879 428 945 αἰεὶ
474 877 548 946 δὲ
593 887 944 965 μαλακοῖσι
989 881 1099 947 καὶ
1145 883 1510 966 αἱμυλίοισι
1555 884 1855 964 λόγοισιν

296 985 554 1069 θέλγει,
602 988 776 1064 ὅπως
816 986 1079 1072 Ἰθάκης
1122 988 1526 1071 ἐπιλήσεται·
1573 987 1780 1072 αὐτὰρ
1824 986 2177 1065 Ὀδυσσεὺς

300 1091 553 1176 ἰέμενος
598 1092 706 1160 καὶ
753 1096 1008 1161 καπνὸν
1055 1094 1582 1178 ἀποθρώσκοντα
1625 1101 1867 1177 νοῆσαι

297 1194 376 1282 ἧς
420 1202 611 1283 γαίης
654 1199 927 1266 θανέειν
975 1201 1304 1284 ἱμείρεται.
1399 1198 1563 1265 οὐδέ
1601 1223 1688 1263 νυ
1733 1202 1849 1264 σοί
1885 1220 2008 1284 περ

300 1303 673 1388 ἐντρέπεται
710 1309 911 1390 φίλον
939 1301 1131 1389 ἦτορ,
1165 1303 1489 1388 Ὀλύμπιε.
1547 1305 1629 1370 οὔ
1657 1305 1743 1369 νύ
1770 1301 1828 1368 τ’
1859 1302 2213 1383 Ὀδυσσεὺς
2250 1323 2317 1372 60

293 1408 607 1494 Ἀργείων
650 1412 827 1495 παρὰ
872 1409 1072 1495 νηυσὶ
1118 1414 1413 1495 χαρίζετο
1463 1411 1605 1494 ἱερὰ
1653 1409 1856 1496 ῥέζων

308 1520 512 1603 Τροίῃ
560 1516 632 1582 ἐν
677 1517 927 1603 εὐρείης
976 1521 1046 1582 τί
1084 1519 1170 1582 νύ
1218 1518 1289 1582 οἰ
1328 1518 1530 1582 τόσον
1576 1517 1872 1600 ὠδύσαο,
1923 1519 2131 1596 Ζεῦ;“

386 1624 510 1707 τὴν
564 1621 625 1688 δ’
679 1623 1199 1708 ἀπαμειβόμενος
1243 1621 1548 1707 προσέφη
1596 1623 2076 1707 νεφεληγερέτα
2124 1627 2318 1703 Ζεύς·

301 1728 579 1812 ,,τέκνον
622 1729 812 1813 ἐμόν,
858 1732 1056 1794 ποῖόν
1100 1746 1174 1794 σε
1221 1732 1376 1805 ἔπος
1421 1730 1635 1813 φύγεν
1681 1728 1870 1815 ἕρκος
1916 1730 2229 1797 ὀδόντων.

300 1846 438 1912 πῶς
483 1833 567 1900 ἂν
612 1833 808 1900 ἔπειτ’
855 1833 1171 1917 Ὀδυσῆος
1216 1834 1344 1917 ἐγὼ
1389 1838 1607 1900 θείοιο
1655 1839 2017 1920 λαθοίμην,
2252 1856 2319 1904 65

302 1941 374 2019 ὃς
420 1940 568 2028 περὶ
614 1937 736 2027 μὲν
780 1944 944 2008 νόον
989 1939 1127 2008 ἐστὶ
1171 1944 1463 2027 βροτῶν,
1510 1938 1661 2024 περὶ
1710 1939 1773 2006 δ’
1830 1942 1939 2028 [ρὰ
1984 1949 2250 2010 θεοῖσιν

302 2048 741 2113 ἀθανάτοισιν
784 2050 1018 2131 ἔδωκε,
1064 2046 1168 2113 τοὶ
1214 2048 1508 2132 οὐρανὸν
1553 2048 1759 2131 εὐρὺν
1804 2050 2089 2132 ἔχουσιν.

303 2155 468 2220 ἀλλὰ
515 2156 909 2220 Ποσειδάων
953 2158 1266 2239 γαιήοχος
1312 2151 1580 2231 ἀσκελὲς
1626 2153 1756 2219 αιέὶ

303 2262 667 2338 Κύκλωπος
709 2263 1094 2345 κεχόλωται,
1143 2259 1223 2325 ὃν
1268 2260 1629 2344 ὀφθαλμοῦ
1675 2260 2008 2344 ἀλάωσεν,

303 2367 618 2432 ἀντίθεον
665 2369 1114 2452 Πολύφημον,
1161 2367 1283 2432 ὅου
1329 2368 1568 2452 κράτος
1614 2365 1752 2432 ἐστὶ
1796 2367 2109 2451 μέγιστον
2253 2386 2321 2435 ‘10

300 2483 505 2538 πᾶσιν
551 2475 1013 2539 Κυκλώπεσσι·
1061 2475 1299 2539 Θόωσα
1346 2472 1426 2538 δέ
1465 2497 1581 2557 μιν
1625 2472 1767 2539 τέκε
1814 2475 2076 2558 νύμφη,

308 2581 652 2661 Φόρκυνος
696 2580 1001 2664 θυγάτηρ
1046 2577 1203 2655 ἁλὸς
1248 2577 1633 2664 ἀτρυγέτοιο
1680 2577 2027 2663 μέδοντος,

303 2687 376 2751 ἐν
422 2684 658 2751 σπέσσι
701 2692 1106 2771 γλαφυροῖσι
1156 2686 1578 2750 Ποσειδάωνι
1624 2697 1903 2770 μιγεῖσα.

303 2792 374 2858 ἐκ
418 2801 538 2858 τοῦ
585 2792 668 2876 δὴ
710 2790 995 2874 Ὀδυσῆα
1043 2791 1438 2856 Ποσειδάων
1483 2790 1859 2875 ἐνοσίχθων

303 2899 386 2964 οὔ
430 2923 493 2964 τι
537 2900 971 2979 κατακτείνει,
1017 2897 1243 2974 πλάζει
1288 2894 1350 2960 δ’
1405 2895 1532 2961 ἀπὸ
1577 2896 1895 2980 πατρίδος
1940 2901 2104 2980 αἴης.
2254 2913 2322 2963 ’16

303 3002 448 3069 ἀλλ’
501 3003 690 3087 ἄγεθ’
742 3004 930 3087 ἡμεῖς
977 3003 1117 3068 οἵδε
1164 3002 1722 3087 περιφραζώμεθα
1766 3001 2005 3078 πάντες

299 3113 574 3192 νόστον,
622 3110 798 3186 ὅπως
843 3111 1105 3193 ἔλθῃσι·
1156 3108 1551 3172 Ποσειδάων
1597 3103 1671 3172 δὲ
1718 3110 1994 3191 μεθήσει

301 3214 383 3280 δν
428 3219 655 3300 χόλον·
703 3214 787 3281 οὐ
831 3211 954 3298 μὲν
997 3214 1126 3298 γάρ
1172 3236 1234 3277 τι
1281 3213 1640 3296 δυνήσεται
1687 3212 1878 3277 ἀντία
1922 3212 2191 3278 πάντων

301 3323 657 3389 ἀθανάτων
703 3320 925 3404 ἀέκητι
968 3324 1152 3385 θεῶν
1197 3317 1611 3402 ἐριδαινέμεν
1658 3313 1860 3395 οἷος.“

387 3430 507 3494 τὸν
553 3425 614 3493 δ’
666 3423 957 3511 ἠμείβετ’
1010 3428 1230 3491 ἔπειτα
1274 3425 1434 3507 θεά,
1480 3419 1860 3507 γλαυκῶπις
1901 3421 2180 3506 Ἀθήνη·
2252 3438 2321 3488 80

297 3530 400 3617 ,,ώ
446 3536 650 3619 πάτερ
695 3531 966 3617 ἡμέτερε
1015 3531 1348 3616 Κρονίδη,
1395 3515 1600 3595 ὕπατε
1646 3530 2036 3614 κρειόντων,

1829 3638 1852 3684 1
1868 3633 1897 3664 ³⁸·
