2646 3932
1004 142 1420 194 ΟΔΤΣΣΕΙΑΣ
1456 145 1549 194 VI.
2198 142 2283 206 99

259 275 401 346 ἀλλ’
454 280 625 348 ἱστοὶ
669 281 782 348 καὶ
827 282 1061 369 ἐρετμὰ
1104 296 1278 349 νεῶν
1322 283 1435 350 καὶ
1478 294 1633 369 νῆες
1678 285 1880 368 ἐῖσαι,

258 377 413 471 ’ᾖσιν
460 386 896 472 ἀγαλλόμενοι
940 389 1182 472 πολιὴν
1227 392 1516 475 περόωσι
1557 391 1926 456 θάλασσαν.

258 502 392 557 τῶν
438 492 709 559 ἀλεείνω
757 501 970 579 φῆμιν
1016 494 1328 577 ἀδευκέα,
1374 498 1463 579 μή
1508 519 1608 573 τις
1653 495 1904 561 ὀπίσσω

258 599 527 685 μωμεύῃ
549 619 564 635 ·
611 601 785 684 μάλα
832 595 894 664 δ’
947 599 1119 666 εἰσὶν
1163 601 1565 686 ὑπερφίαλοι
1609 602 1774 666 κατὰ
1819 602 2059 685 δῆμον·

257 705 374 768 καί
410 705 496 769 νύ
542 728 642 782 τις
688 700 808 770 ὧδ’
858 712 1078 791 εἴπῃσι
1122 707 1491 791 κακώτερος
1536 706 2000 790 ἀντιβολήσας·
2179 722 2284 771 275

259 811 379 887 (τίς
425 804 489 875 δ’
541 810 654 876 ὅδε
702 812 1062 897 Ναυσικάᾳ
1108 810 1332 876 ἕπεται
1377 814 1577 889 καλός
1620 835 1691 877 τε
1737 811 1937 896 μέγας
1980 834 2050 877 τε

260 912 502 994 &alvom
552 925 684 981 ποῦ
733 915 813 983 δέ
852 941 969 1001 μιν
1014 911 1196 1001 εὗρες
1244 919 1437 994 πόσις
1480 919 1566 982 νύ
1614 918 1686 983 oc
1724 920 1983 983 ἔσσεται
2028 918 2211 1001 αὐτῇ.

257 1015 298 1103 ἦ
344 1023 496 1087 τινά
541 1045 674 1087 που
721 1019 1142 1107 πλαγχθέντα
1185 1025 1546 1106 κομίσσατο
1592 1016 1672 1106 ἧς
1717 1023 1845 1089 ἀπὸ
1890 1023 2050 1106 νηὸς

259 1126 526 1211 ἀνδρῶν
569 1128 986 1210 τηλεδαπῶν,
1033 1125 1172 1192 ἐπεὶ
1218 1128 1301 1192 οὔ
1345 1150 1522 1205 τινες
1566 1127 1855 1211 ἐγγύθεν
1898 1130 2097 1194 εἰσίν·

259 1232 299 1314 ἥ
346 1235 445 1309 τίς
491 1233 562 1297 οἱ
602 1232 923 1317 εὐξαμένῃ
969 1234 1386 1318 πολυάρητος
1429 1236 1590 1311 θεὸς
1633 1229 1844 1317 ἦλθεν
2180 1252 2284 1301 280

261 1336 640 1421 οὐρανόθεν
683 1339 999 1421 καταβάς,
1046 1337 1175 1418 ἕξει
1223 1337 1301 1403 δέ
1343 1363 1459 1423 μιν
1503 1340 1716 1424 ἤματα
1760 1341 1991 1406 πάντα.

259 1441 602 1526 βέλτερον,
649 1445 713 1508 εί
753 1443 961 1527 καύτή
1006 1467 1127 1528 περ
1175 1443 1567 1529 ἐποιχομένη
1615 1448 1814 1512 πόσιν
1858 1441 2054 1531 εὗρεν

261 1549 577 1613 ἄλλοθεν·
665 1543 709 1632 ἦ
755 1550 881 1635 γὰρ
927 1552 1167 1615 τούσδε
1214 1546 1277 1634 γ’
1331 1551 1620 1636 ἀτιμάζει
1664 1553 1827 1617 κατὰ
1874 1554 2089 1637 δῆμον

265 1657 588 1738 Φαίηκας,
633 1658 745 1721 τοί
785 1679 900 1739 μιν
946 1667 1239 1739 μνῶνται
1284 1654 1516 1732 πολέες
1558 1679 1628 1721 τε
1673 1655 1785 1721 καὶ
1831 1653 2105 1722 ἐσθλοί.’

259 1755 347 1837 ὧς
394 1758 728 1846 ἐρέουσιν,
777 1761 922 1846 ἐμοὶ
970 1761 1050 1827 δέ
1089 1757 1151 1828 κ’
1205 1762 1468 1827 ὀνείδεα
1513 1772 1717 1827 ταῦτα
1762 1761 2040 1846 γένοιτο.
2179 1778 2284 1828 285

259 1864 369 1931 καὶ
416 1861 480 1931 δ’
533 1867 698 1952 ἄλλῃ
745 1879 1032 1951 νεμεσῶ,
1078 1868 1120 1950 ἤ
1165 1890 1267 1943 τις
1309 1867 1584 1931 τοιαῦτά
1628 1890 1701 1950 γε
1749 1865 1951 1952 ῥέζοι,

259 1973 299 2055 ἥ
346 1965 402 2037 τ’
454 1972 675 2056 ἀέκητι
723 1977 970 2057 φίλων,
1017 1974 1262 2058 πατρὸς
1305 1972 1416 2038 καὶ
1462 1975 1705 2058 μητρὸς
1750 1972 2070 2057 ἐόντων,,

262 2077 541 2161 ἀνδράσι
588 2081 928 2204 μίσχηῃζι,
974 2081 1134 2163 πρίν
1178 2073 1242 2162 γ’
1296 2077 1636 2162 ἀμφάδιον
1681 2079 1896 2161 γάμον
1941 2077 2184 2144 ἐλθεῖν.

262 2184 460 2266 ξεῖνε,
508 2186 593 2248 σὺ
640 2179 702 2249 δ’
755 2179 873 2249 ὦκ
922 2183 1160 2268 ἐμέθεν
1208 2184 1414 2264 ξυνίει
1460 2186 1643 2266 ἔπος,
1690 2185 1867 2269 ὄφρα
1911 2185 2183 2269 τάχιστα

259 2297 520 2374 πομπῆς
544 2287 673 2354 ,καὶ
717 2291 984 2355 νόστοιο
1031 2291 1231 2374 τύχῃς
1273 2290 1452 2374 παρὰ
1497 2291 1743 2374 πατρὸς
1788 2288 1989 2374 ἐμοῖο.
2180 2306 2286 2357 290

262 2397 444 2479 δήεις
490 2394 740 2478 ἀγλαὸν
784 2397 985 2472 ἄλσος
1025 2389 1311 2478 Ἀθήνης
1358 2396 1507 2481 ἄγχι
1552 2396 1881 2461 κελεύθου

260 2503 601 2586 αἰγείρων·
647 2500 720 2566 ἐν
767 2496 840 2566 δὲ
885 2502 1094 2585 κρήνη
1141 2501 1316 2584 νάει,
1366 2499 1536 2585 ἀμφὶ
1582 2497 1656 2567 δὲ
1702 2501 1973 2586 λειμών·

261 2611 433 2674 ἔνθα
479 2603 552 2671 δὲ
597 2607 842 2691 πατρὸς
887 2605 1050 2690 ἐμοῦ
1093 2606 1364 2690 τέμενος
1408 2609 1730 2673 τεθαλυῖά
1774 2602 1832 2672 τ’
1884 2607 2093 2691 ἀλωή,

259 2717 504 2780 τόσσον
550 2712 676 2778 ἀπὸ
724 2714 1021 2795 πτόλιος,
1069 2711 1274 2778 ὅσσον
1316 2722 1388 2778 τε
1432 2711 1680 2797 γέγωνε
1726 2715 1989 2797 βοήσας.

260 2823 430 2885 ἔνθα
473 2820 913 2903 καθεζόμενος
957 2828 1177 2902 μεῖναι
1222 2820 1498 2904 χρόνον,
1545 2821 1640 2896 εἰς
1685 2819 1721 2884 ὅ
1765 2842 1882 2884 κεν
1925 2819 2111 2903 ἡμεῖς
2176 2835 2280 2885 295
2395 2830 2404 2837 ‘

262 2926 502 2990 ἄστυδε
548 2928 850 3009 ἔλθωμεν
894 2922 1004 2989 καὶ
1053 2925 1349 3008 ἱκώμεθα
1397 2924 1663 3009 δώματα
1707 2927 1969 3010 πατρός.

262 3031 468 3116 αὐτὰρ
514 3029 678 3115 ἐπὴν
720 3028 925 3114 ἡμέας
968 3032 1131 3115 ἔλπῃ
1177 3028 1331 3096 ποτὶ
1377 3025 1621 3115 δώματ’
1674 3031 1986 3115 ἀφῖχθαι,

262 3135 371 3202 καὶ
416 3138 560 3202 τότε
612 3139 926 3220 Φαιήκων
973 3142 1122 3220 ἴμεν
1167 3136 1234 3213 ἐς
1277 3139 1476 3201 πόλιν
1530 3131 1636 3219 ἠδ’
1688 3135 1989 3222 ἐρέεσθαι

264 3243 527 3327 δώματα
572 3243 816 3327 πατρὸς
861 3241 1024 3326 ἐμοῦ
1079 3244 1526 3327 μεγαλήτορος
1566 3237 1945 3308 Ἀλκινόοιο.

263 3349 406 3435 ῥεῖα
452 3342 514 3413 δ’
566 3341 872 3433 ἀρίγνωτ’
925 3346 1092 3430 ἐστί,
1138 3347 1247 3412 καὶ
1295 3346 1380 3412 ἂν
1425 3349 1578 3424 πάις
1621 3347 1939 3431 ἡγήσαιτο
2174 3365 2277 3414 300

260 3457 521 3538 νήπιος·
568 3452 650 3518 οὐ
695 3449 816 3537 μὲν
860 3453 985 3535 γάρ
1031 3476 1094 3517 τι
1141 3452 1398 3518 ἐοικότα
1444 3463 1617 3518 τοῖσι
1661 3450 1957 3518 τέτυκται

1775 3563 1803 3609 7
1818 3555 1848 3588 ³8
