2646 3932
1048 198 1465 251 οΔΤΣΣΕῑΔΣ
1500 201 1605 254 111.
2243 196 2327 260 37

306 340 386 408 ἐν
429 341 741 427 μεγάροις
786 337 1012 425 ἀέκητι
1056 339 1259 407 σέθεν
1303 341 1472 407 κακὰ
1515 342 2012 426 μηχανάασθαι·

308 444 455 513 εἰπέ
495 468 640 530 μοι,
687 442 762 529 ἠὲ
808 444 978 512 ἑκὼν
1021 445 1519 531 ὑποδάμνασαι,
1563 441 1604 530 ἦ
1652 445 1732 513 σέ
1770 470 1847 530 γε
1892 442 2042 512 λαοὶ

309 547 694 638 ἐχθαίρουσ’
748 550 877 617 ἀνὰ
923 554 1166 637 δῆμον,
1215 551 1644 637 ἐπισπόμενοι
1686 558 1858 619 θεοῦ
1902 552 2102 637 ὀμφῇ.
2225 566 2329 616 215

305 661 407 736 τίς
453 654 515 722 δ’
569 652 729 741 οἷδ’,
776 663 845 723 εἴ
878 656 959 724 κέ
997 656 1163 724 ποτέ
1203 674 1327 743 σφι
1371 660 1521 742 βίας
1564 657 1944 725 ἀποτίσεται
1989 656 2240 740 ἐλθών,

305 762 347 848 ἢ
394 763 433 829 ὅ
477 787 554 847 γε
600 772 849 849 μοῦνος
894 763 1024 829 ἐὼν
1068 762 1110 848 ἢ
1154 761 1268 830 καὶ
1313 764 1689 849 σύμπαντες
1727 761 1992 849 Ἀχαιοί.

307 872 371 935 εί
410 870 539 955 γάρ
586 865 650 934 σ’
704 865 794 947 ὥς
838 868 1062 935 ἐθέλοι
1108 868 1365 954 φιλέειν
1407 875 1786 953 γλαυκῶπις
1822 868 2106 955 Ἀθήνη,

308 975 398 1052 ὡς
441 972 576 1040 τότ’
623 972 983 1059 Ὀδυσσῆος
1026 976 1414 1061 περικήδετο
1457 975 1849 1060 κυδαλίμοιο

308 1081 496 1170 δήμω
542 1081 646 1146 ἔνι
699 1081 980 1166 Τρώων,
1027 1080 1144 1146 ὅθι
1188 1081 1527 1165 πάσχομεν
1572 1077 1754 1163 ἄλγε’
1801 1078 2078 1165 Ἀχαιοί·
2224 1099 2329 1148 220

307 1186 392 1252 οὐ
434 1187 564 1272 γάρ
610 1207 712 1252 πω
762 1186 914 1251 ἴδον
959 1181 1090 1253 ὧδε
1134 1189 1342 1264 θεοὺς
1386 1185 1743 1270 ἀναφανδὰ
1789 1190 2178 1271 φιλεῦντας,

308 1293 397 1370 ὡς
441 1295 639 1380 κείνῳ
687 1290 1042 1376 ἀναφανδὰ
1087 1294 1449 1378 παρίστατο
1496 1291 1769 1369 Παλλὰς
1808 1289 2087 1377 Ἀθήνη·

307 1404 376 1464 εἴ
413 1394 475 1463 σ’
529 1397 741 1474 οὕτως
787 1395 1012 1463 ἐθέλοι
1057 1396 1313 1482 φιλέειν
1357 1399 1629 1481 κήδοιτό
1673 1420 1744 1463 τε
1788 1404 2017 1485 θυμῷ·

307 1512 399 1592 τῷ
446 1501 562 1569 κέν
606 1525 706 1580 τις
748 1506 991 1569 κείνων
1034 1526 1110 1586 γε
1154 1500 1267 1568 καὶ
1313 1501 1740 1569 ἐκλελάθοιτο
1785 1504 2088 1588 γάμοιο.“

395 1609 515 1674 τὸν
561 1606 623 1672 δ’
676 1602 763 1674 αὖ
818 1607 1193 1693 Τηλέμαχος
1235 1606 1652 1692 πεπνυμένος
1696 1608 1925 1675 ἀντίον
1968 1610 2169 1693 ηὔδα·
2223 1627 2327 1676 225

308 1709 407 1797 ,,ὦ
452 1712 684 1799 γέρον,
729 1714 813 1780 οὔ
856 1735 959 1781 πω
1004 1724 1201 1780 τοῦτο
1246 1716 1404 1791 ἔπος
1447 1711 1790 1780 τελέεσθαι
1835 1713 1982 1781 ὀίω·

308 1821 461 1904 λίην
503 1819 631 1905 γὰρ
677 1818 843 1904 μέγα
888 1815 1090 1898 εἶπες·
1154 1820 1281 1903 ἄγη
1328 1817 1397 1904 μ’
1449 1821 1598 1904 ἔχει.
1690 1819 1814 1886 οὐκ
1859 1818 1945 1886 ἂν
1988 1820 2142 1906 ἐμοί
2176 1845 2252 1907 γε

308 1923 644 2015 ἐλπομένω
691 1926 773 1991 τὰ
816 1923 1089 2010 γένοιτ’,
1137 1922 1286 1993 οὐδ’
1340 1927 1405 1992 εί
1444 1923 1597 1992 θεοὶ
1642 1921 1733 2004 ὥς
1778 1925 2142 1994 ἐθέλοιεν.“

395 2032 514 2097 τὸν
560 2028 622 2097 δ’
678 2026 833 2097 αὖτε
878 2030 1225 2118 προσέειπε
1269 2032 1432 2114 θεά,
1477 2037 1853 2115 γλαυκῶπις
1891 2030 2170 2118 Ἀθήνη·

308 2185 352 2220 ,,
362 2135 725 2222 Τηλέμαχε,
771 2140 968 2204 ποῖόν
1012 2154 1087 2204 σε
1132 2141 1287 2215 ἔπος
1333 2138 1550 2222 φύγεν
1593 2137 1783 2224 ἕρκος
1828 2139 2140 2205 ὀδόντων.
2223 2158 2327 2207 230

308 2243 455 2329 ῥεῖα
497 2246 659 2320 θεός
702 2240 768 2327 γ’
821 2243 1076 2309 ἐθέλων
1121 2241 1233 2309 καὶ
1275 2246 1565 2327 τηλόθεν
1611 2244 1824 2330 ἄνδρα
1869 2245 2141 2311 σαώσαι.

307 2352 679 2433 βουλοίμην
724 2346 786 2414 δ’
845 2347 931 2415 ἂν
975 2349 1102 2433 ἐγώ
1148 2372 1223 2433 γε
1267 2348 1380 2415 καὶ
1424 2350 1628 2432 ἄλγεα
1670 2351 1883 2416 πολλὰ
1928 2352 2223 2435 μογήσας

309 2454 541 2521 οἴκαδέ
581 2452 639 2520 τ’
693 2454 1044 2539 ἐλθέμεναι
1089 2454 1200 2521 καὶ
1243 2457 1562 2540 νόστιμον
1605 2451 1781 2541 ἦμαρ
1829 2454 2123 2539 ἰδέσθαι,

307 2559 350 2644 ἢ
399 2560 620 2627 ἐλθὼν
664 2559 1036 2626 ἀπολέσθαι
1081 2558 1414 2645 ἐφέστιος,
1460 2560 1550 2638 ὡς
1588 2557 2011 2645 Ἀγαμέμνων

309 2664 509 2732 ὤλεθ’
565 2663 678 2732 ὑπ’
730 2667 1094 2749 Αἰγίσθοιο
1142 2668 1316 2755 δόλῳ
1363 2663 1473 2732 καὶ
1516 2661 1596 2749 ἥς
1641 2666 1926 2751 ἀλόχοιο.
2222 2684 2326 2735 235

309 2769 453 2837 ἀλλ’
503 2766 546 2856 ἦ
591 2795 698 2838 τοι
741 2773 1043 2838 θάνατον
1087 2768 1209 2857 μὲν
1255 2771 1517 2856 ὁμοίιον
1562 2768 1722 2837 οὐδὲ
1767 2776 1926 2837 θεοί
1964 2794 2087 2859 περ

307 2875 419 2943 καὶ
464 2879 637 2967 φίλῳ
686 2875 885 2963 ἀνδρὶ
930 2878 1251 2944 δύνανται
1296 2876 1689 2962 ἀλαλκέμεν,
1738 2877 1980 2945 ὁππότε
2025 2902 2143 2945 κεν
2189 2881 2272 2965 δὴ

307 2980 485 3069 μοῖρ’
539 2982 700 3066 ὀλοὴ
746 2981 1070 3068 καθέλῃσι
1113 2981 1504 3067 τανηλεγέος
1548 2983 1937 3049 θανάτοιο.“

396 3089 519 3172 τὴν
566 3085 627 3154 δ’
681 3083 769 3154 αὖ
822 3087 1198 3173 Τηλέμαχος
1241 3086 1658 3173 πεπνυμένος
1703 3087 1933 3155 ἀντίον
1978 3092 2180 3174 ηὔδα·

307 3193 621 3281 ,Μέντορ
634 3242 653 3278 ,
700 3193 931 3279 μηκέτι
974 3203 1179 3260 ταῦτα
1223 3195 1573 3279 λεγώμεθα
1614 3196 1979 3278 κηδόμενοί
2015 3215 2167 3283 περ·
2221 3213 2325 3263 240

306 3303 504 3389 κείνφ
551 3297 615 3367 δ’
668 3298 890 3367 οὐκέτι
932 3303 1169 3377 νόστος
1213 3297 1561 3385 ἐτήτυμος,
1609 3299 1775 3365 ἀλλά
1822 3301 1893 3366 oc
1929 3302 2059 3386 ἤδη

307 3402 675 3493 φράσσαντ’
728 3405 1056 3474 ἀθάνατοι
1100 3406 1401 3476 θάνατον
1444 3403 1556 3472 καὶ
1599 3414 1770 3491 κῆρα
1814 3404 2147 3490 μέλαιναν.

305 3521 434 3578 νῦν
479 3508 542 3578 δ’
595 3510 806 3578 ἐθέλω
853 3515 1009 3590 ἔπος
1053 3514 1214 3578 ἄλλο
1259 3516 1661 3597 μεταλλῆσαι
1705 3509 1816 3576 καὶ
1861 3510 2134 3594 ἐρέσθαι
