2646 3932
419 145 515 200 XII
1225 146 1626 202 SUMMARIA.

1388 308 1464 373 V.

548 401 812 463 Concilio
859 403 1106 463 deorum
1143 403 1365 462 iterum
1401 404 1562 462 facto
1600 406 1814 481 agente
1852 402 2122 463 Minerva
2156 403 2443 480 Iuppiter

414 490 773 550 Mercurium
827 491 1019 550 mittit
1069 492 1146 550 ad
1192 492 1450 568 Calypso
1463 538 1478 568 ,
1533 494 1605 549 ut
1649 491 1886 551 Ulixem
1940 511 2011 551 ex
2064 491 2265 550 insula
2320 512 2442 551 sua

415 578 578 639 abire
614 579 888 655 patiatur
915 572 1212 659 (1—84).
1258 579 1586 655 Imperium
1614 582 1862 657 gravate
1900 579 2120 656 accipit
2144 582 2438 659 nympha,

416 686 607 744 neque
661 670 864 726 tamen
917 668 1245 728 detrectare
1300 686 1451 727 ausa
1495 660 1862 748 (85—147)
1915 668 2156 729 heroem
2200 669 2440 728 dudum

414 755 647 831 patriae
693 755 982 816 desiderio
1028 756 1431 816 tabescentem
1475 756 1681 815 edocet
1732 776 1851 815 non
1906 756 2127 817 morari
2172 775 2261 834 se,
2307 778 2437 834 quo

415 843 614 902 minus
652 844 860 903 statim
909 844 1174 904 discedat
1222 837 1656 924 ‹148—227);
1701 844 1951 921 ipsaque
1995 864 2245 921 propere
2290 865 2439 906 eum

417 931 667 991 adiuvat
709 932 773 991 in
817 932 1164 993 fabricanda
1199 936 1348 1010 rate,
1394 951 1517 1010 qua
1550 932 1805 1011 benigne
1851 932 2131 992 dimissus
2181 933 2435 1013 naviga-

417 1019 641 1080 tionem
689 1022 851 1082 solus
898 1022 1248 1121 aggreditur
1292 1013 2284 1102 (228—281).Du0devigesimo
2332 1023 2433 1082 die

416 1109 845 1188 navigationiS,
900 1129 1036 1169 cum
1090 1110 1214 1169 iam
1265 1110 1607 1170 Phaeacum
1660 1109 1947 1187 insulam,
2007 1109 2337 1189 Scheriam,
2400 1132 2433 1170 e

418 1197 748 1276 longinquo
777 1198 956 1274 videt,
998 1199 1152 1258 forte
1179 1199 1637 1274 praetervehens
1663 1198 1984 1274 Neptunus
2025 1199 2248 1258 excitat
2281 1202 2433 1258 tem-

417 1288 729 1364 pestatem,
767 1306 921 1362 quae
956 1286 1221 1344 trabium
1247 1286 1662 1365 compaginem
1697 1286 1973 1346 dissolvit
2000 1280 2430 1369 (282—332).

420 1373 536 1433 Sed
578 1374 706 1450 ipse
751 1375 921 1434 alveo
973 1374 1122 1432 ratis
1175 1374 1462 1452 insidenS,
1516 1377 1834 1433 ventorum
1876 1374 2291 1451 fluctuumque
2337 1377 2433 1434 lu-

419 1461 695 1539 dibrium,
723 1460 1189 1521 misericordiam
1216 1463 1360 1522 deae
1388 1462 1653 1521 marinae
1687 1462 2007 1540 experitur,
2034 1461 2432 1542 Leucotheae,

420 1570 574 1627 quae
619 1550 674 1610 ei
726 1550 1143 1610 redimiculum
1186 1550 1434 1626 praebet
1477 1550 1705 1627 pectori
1750 1550 2202 1629 subligandum,
2258 1552 2430 1612 cuius

417 1638 642 1698 virtute
685 1638 925 1697 facilius
969 1638 1033 1697 in
1078 1641 1302 1698 terram
1346 1641 1550 1698 enatet
1597 1638 2021 1716 ·333-—364).
2093 1639 2296 1717 Atque
2342 1641 2431 1700 ita

418 1727 687 1804 tandem,
744 1726 1018 1803 quamvis
1070 1728 1358 1786 fremente
1403 1727 1713 1805 Neptune,
1759 1729 2134 1802 praesentem
2178 1732 2431 1789 mortem

419 1815 631 1893 effugit
674 1817 738 1875 et
780 1815 857 1874 ad
891 1815 1229 1890 proximum
1263 1815 1413 1875 litus
1448 1815 1786 1876 Phaeacum
1823 1816 2021 1874 nudus
2059 1816 2279 1895 evadit,
2323 1817 2428 1877 ubi

419 1903 825 1963 semianimem
879 1902 1073 1962 cubile
1127 1903 1288 1963 foliis
1346 1906 1606 1963 stratum
1657 1903 1893 1980 placido
1950 1922 2155 1963 somno
2201 1908 2429 1965 recreat

420 1983 847 2073 (365—493).
1374 2074 1468 2139 VI

551 2169 889 2230 Phaeacum
933 2169 1090 2247 regis
1136 2168 1374 2228 Alcinoi
1418 2168 1606 2227 filiam
1619 2216 1634 2245 ,
1678 2169 1737 2227 N
1738 2168 2069 2246 ausicaam,
2114 2189 2221 2245 per
2266 2171 2427 2247 quie-

418 2261 541 2318 tem
584 2258 754 2317 iubet
796 2258 1066 2317 Minerva
1109 2257 1469 2317 vestimenta
1504 2258 1779 2317 lavatum
1822 2257 1975 2317 ferre
2022 2258 2099 2316 ad
2143 2258 2290 2317 litus
2340 2258 2425 2317 in-

418 2347 612 2422 sulae,
673 2346 737 2405 in
804 2365 924 2423 quo
988 2346 1193 2406 Ulixes
1255 2345 1658 2422 procubuerat
1720 2337 2015 2426 <1—47).
2118 2345 2190 2404 Id
2252 2347 2426 2407 facile

416 2434 799 2511 permittente
834 2436 1005 2510 patre
1044 2453 1113 2494 ac
1147 2434 1490 2493 vehiculum
1527 2432 1845 2509 praebente
1892 2453 2065 2494 mane
2114 2433 2263 2495 illuc
2298 2455 2424 2511 per-

416 2523 686 2600 vehitur,
750 2525 883 2581 tum
947 2542 1121 2599 opere
1183 2523 1346 2581 facto
1409 2521 1622 2580 ludum
1684 2524 1915 2581 exercet
1986 2541 2123 2581 cum
2195 2524 2425 2583 ancillis

417 2603 803 2693 (48-109).
893 2610 983 2671 Eo
1043 2610 1300 2687 strepitu
1363 2609 1658 2670 exeitatus
1720 2609 1924 2682 Ulixes
1997 2612 2249 2687 supplex
2319 2612 2423 2671 im-

416 2701 619 2799 plorat
651 2699 904 2778 virginis
938 2698 1407 2759 misericordiam
1435 2702 1499 2776 (1
1513 2691 1846 2778 10—185)
1884 2698 1960 2757 ab
1998 2717 2188 2775 eaque
2224 2701 2425 2760 statim

417 2787 479 2846 in
522 2788 782 2847 tutelam
815 2790 1090 2864 receptus
1126 2788 1384 2865 lavacro,
1429 2788 1611 2864 veste,
1658 2786 1789 2846 cibo
1834 2789 2140 2847 recreatur
2184 2781 2423 2856 (186-

420 2871 606 2953 25o)·
591 2921 607 2935 .
670 2896 807 2937 mox
869 2875 1188 2954 diligenter
1249 2875 1591 2935 admonitus
1655 2893 1793 2942 cum
1861 2874 2095 2934 ancillis
2158 2877 2427 2954 sequitur

416 2984 660 3046 currum
712 2964 1016 3024 redeuntis
1071 2966 1133 3024 et
1186 2962 1488 3024 occidente
1544 2962 1667 3022 sole
1721 2962 1889 3021 venit
1942 2963 2020 3022 ad
2071 2964 2278 3024 lucum
2321 2966 2423 3024 Mi-

414 3072 647 3131 nervae,
695 3052 802 3129 qui
847 3054 987 3111 ante
1030 3051 1241 3112 urbem
1285 3054 1394 3128 est,
1439 3051 1546 3110 ubi
1590 3050 1888 3110 familiare
1931 3051 2045 3110 sibi
2080 3071 2302 3112 numen
2338 3071 2423 3113 so-

414 3141 527 3201 lita
570 3139 952 3202 veneratione
997 3142 1280 3216 precatur
1315 3132 1745 3220 (251—331).

1351 3309 1496 3376 VH.

544 3406 877 3508 Postquam
939 3405 1242 3465 Nausicaa
1303 3405 1549 3466 domum
1612 3405 1895 3484 redierat,
1951 3406 2115 3467 Ulixi
2177 3406 2425 3468 occurrit

413 3496 682 3556 Minerva
753 3496 816 3554 in
890 3494 1146 3571 speciem
1216 3495 1455 3571 puellae
1520 3496 1788 3572 mutata,
1856 3453 2151 3571 illumque
2215 3496 2424 3556 nebula
