2646 3932
961 194 1379 245 ΟΔΤΣΣΕΙΔΣ
1417 194 1541 245 XII.
2149 189 2277 254 195

263 335 493 401 αὐτίκα
542 333 605 401 δ’
659 335 828 401 ὅπλα
872 334 1110 401 ἕκαστα
1156 335 1603 418 πονησάμενοι
1651 335 1813 399 κατὰ
1857 342 1985 417 νῆα

262 442 506 526 ἤμεθα·
552 442 675 525 τὴν
723 440 783 506 δ’
836 443 1074 527 ἄνεμός
1118 465 1187 507 τε
1233 443 1641 526 κυβερνήτης
1684 439 1741 505 τ’
1797 445 2052 506 ἴθυνεν.

263 549 346 631 δὴ
392 545 524 613 τότ’
578 547 748 630 ἐγὼν
794 547 1082 630 ἑτάροισι
1127 548 1473 633 μετηύδων
1518 547 1883 633 ἀχνύμενος
1927 553 2079 631 κῆρ·

264 649 336 735 ,ὦ
384 657 600 739 φίλοι,
648 654 730 719 οὐ
775 655 902 736 γὰρ
948 654 1070 738 χρὴ
1117 653 1233 719 ἕνα
1283 655 1543 738 ἴδμεναι
1590 650 1748 719 οὐδὲ
1794 650 1900 718 δύ’
1956 659 2141 729 οἴους

262 756 588 843 θέσφαθ’,
636 758 677 823 ἅ
720 782 834 843 μοι
881 760 1093 843 Κίρκη
1142 761 1523 843 μυθήσατο,
1573 760 1684 823 δῖα
1728 760 1982 823 θεάων·
2176 773 2277 824 155

264 862 405 930 ἀλλ’
459 863 619 949 έρέω
666 860 788 948 μὲν
833 863 1034 947 ἐγών,
1083 865 1194 929 ἵνα
1241 866 1491 941 εἰδότες
1533 865 1578 948 ἤ
1622 888 1696 930 κε
1739 865 2057 947 θάνωμεν

264 971 305 1052 ἤ
349 994 463 1036 κεν
509 969 902 1056 ἀλευάμενοι
946 971 1246 1037 θάνατον
1290 969 1401 1035 καὶ
1445 979 1614 1055 κῆρα
1659 970 2002 1054 φύγοιμεν.

264 1078 610 1160 Σειρήνων
655 1073 777 1161 μὲν
821 1089 1086 1159 πρῶτον
1131 1077 1373 1160 ἀνώγει
1418 1076 1839 1142 θεσπεσιάων

265 1183 574 1266 φθόγγον
621 1182 986 1248 ἀλεύασθαι
1032 1180 1142 1248 καὶ
1188 1180 1452 1267 λειμῶν’
1506 1182 1933 1266 ἀνθεμόεντα.

266 1282 413 1353 οἷον
457 1286 555 1372 ἔμ’
607 1288 892 1371 ἠνώγειν
938 1285 1043 1353 ὄπ’
1097 1287 1446 1373 ἀκουέμεν·
1493 1288 1659 1354 ἀλλά
1705 1311 1784 1372 με
1832 1289 2049 1374 δεσμῷ
2180 1303 2280 1353 160

268 1390 494 1476 δήσατ’
548 1392 622 1458 έν
668 1391 995 1481 ἀργαλέω,
1044 1391 1198 1479 ὄφρ’
1251 1395 1539 1478 ἔμπεδον
1585 1394 1824 1459 αὐτόθι
1869 1395 2119 1477 μίμνω,

267 1498 480 1583 ὀρθὸν
525 1498 599 1564 ἐν
646 1498 985 1584 ἱστοπέδῃ,
1033 1499 1104 1564 ἐκ
1150 1497 1210 1565 δ’
1266 1500 1476 1566 αὐτοῦ
1520 1499 1770 1586 πείρατ’
1824 1499 2128 1583 ἀνήφθω.
2219 1558 2222 1563 .

267 1607 330 1670 εί
371 1604 451 1670 δέ
489 1628 562 1670 κε
607 1607 931 1690 λίσσωμαι
975 1605 1179 1689 ὑμέας
1224 1609 1429 1672 λῦσαί
1466 1629 1536 1671 τε
1582 1605 1857 1688 κελεύω,

264 1710 452 1796 ὑμεῖς
497 1707 570 1776 δὲ
616 1715 962 1777 πλεόνεσσι
1000 1709 1132 1776 τότ’
1187 1711 1259 1777 ἐν
1307 1713 1607 1796 δεσμοῖσι
1653 1710 1935 1790 πιέζεινέ

352 1814 393 1902 ἦ
440 1842 542 1884 τοι
589 1818 716 1901 ἐγὼ
761 1820 841 1884 τὰ
887 1818 1124 1884 ἕκαστα
1170 1817 1383 1900 λέγων
1420 1817 1709 1903 ἑτάροισι
1744 1821 2153 1901 πίφαυσκον·
2182 1832 2281 1882 165

265 1927 480 2011 τόφρα
527 1922 601 1991 δὲ
646 1927 1067 2010 καρπαλίμως
1114 1923 1356 2004 ἐξίκετο
1403 1933 1569 2008 νηῦς
1614 1924 1885 2009 ἐυεργὴς

266 2039 475 2114 νῆσον
521 2034 933 2116 Σειρήνοιιν·
980 2033 1194 2113 ἔπειγε
1239 2031 1368 2116 γὰρ
1416 2024 1615 2114 οὖρος
1661 2029 1954 2115 ἀπήμων.

270 2134 478 2202 αὐτίκ’
531 2134 727 2206 ἔπειτ’
782 2137 1022 2221 ἄνεμος
1065 2133 1188 2221 μὲν
1235 2136 1595 2218 ἐπαύσατο,
1641 2135 1682 2219 ἡ
1731 2132 1804 2201 δὲ
1849 2137 2101 2220 γαλήνη

271 2244 498 2306 ἔπλετο
543 2244 851 2325 νηνεμίη,
897 2245 1169 2326 κοίμησε
1217 2238 1291 2307 δὲ
1337 2241 1592 2325 κύματα
1640 2242 1910 2324 δαίμων.

270 2346 625 2423 ἀνστάντες
671 2344 732 2412 δ’
786 2346 1004 2432 ἕταροι
1050 2350 1200 2424 νεὸς
1247 2348 1422 2412 ἱστία
1467 2347 1846 2431 μηρύσαντο
2185 2364 2284 2413 170

269 2450 379 2518 καὶ
423 2453 503 2516 τὰ
547 2448 667 2537 μὲν
713 2452 785 2518 ἐν
829 2451 940 2537 νηὶ
986 2458 1291 2540 γλαφυρῇ
1339 2451 1581 2534 θέσαν,
1629 2453 1699 2517 οἱ
1739 2450 1800 2517 δ’
1853 2452 1952 2520 ἐπ’
2006 2453 2239 2540 έρετμὰ

271 2557 563 2643 ἑζόμενοι
610 2556 961 2636 λεύκαινον
1006 2557 1188 2643 ὕδωρ
1236 2556 1464 2643 ξεστῇς
1507 2556 1832 2642 λέάτῃσιν.

269 2664 477 2750 αὐτὰρ
526 2662 654 2745 ἐγὼ
698 2672 931 2748 κηροῖο
977 2661 1183 2747 μέγαν
1226 2664 1468 2750 τροχὸν
1515 2661 1648 2741 ὀξέι
1691 2668 1910 2752 χαλκῷ

268 2772 482 2836 τυτθὰ
528 2767 883 2853 διατμήξας
926 2766 1110 2853 χερσὶ
1157 2771 1503 2854 στιβαρῇσι
1549 2771 1797 2847 πίεζον·

271 2873 432 2955 αἶψα
480 2873 541 2942 δ’
597 2878 843 2941 ἰαίνετο
887 2877 1117 2960 κηρός,
1165 2873 1305 2941 ἐπεὶ
1350 2876 1573 2942 κέλετο
1619 2877 1865 2961 μεγάλη
1913 2878 1975 2953 ἲς
2184 2894 2282 2943 175

265 2978 526 3047 Ἠελίου
570 2980 628 3047 τ’
682 2981 852 3065 αὐγὴ
890 2977 1342 3065 Ὑπεριονίδαο
1389 2983 1692 3059 ἄνακτος·

271 3085 476 3170 ἑξείης
522 3084 583 3152 δ’
637 3085 968 3171 ἑτάροισιν
1013 3084 1113 3152 ἐπ’
1167 3086 1373 3153 οὔατα
1418 3098 1622 3154 πᾶσιν
1667 3089 1920 3166 ἄλειψα.

271 3193 342 3257 οἱ
383 3189 444 3256 δ’
496 3191 570 3258 ἐν
613 3196 732 3277 νηί
771 3191 837 3277 μ’
891 3194 1137 3277 ἔδησαν
1182 3193 1353 3279 ὁμοῦ
1397 3196 1619 3280 χεῖράς
1660 3218 1732 3261 τε
1777 3197 1985 3273 πόδας
2029 3218 2098 3261 τε

270 3298 484 3384 ὀρθὸν
529 3296 603 3362 έν
649 3296 992 3385 ἱστοπέδῃ,
1039 3298 1110 3391 ἐκ
1159 3298 1217 3364 δ’
1272 3300 1480 3366 αὐτοῦ
1526 3298 1776 3385 πείρατ’
1832 3301 2150 3385 ἀνῆπτον·

269 3402 460 3470 αὐτοὶ
507 3402 567 3469 δ’
622 3402 914 3488 ἑζόμενοι
958 3406 1199 3489 πολιὴν
1245 3406 1372 3472 ἅλα
1415 3407 1662 3471 τύπτον
1709 3405 2018 3490 ἐρετμοῖς.
2186 3426 2281 3473 180

269 3508 411 3577 ἀλλ’
466 3510 573 3576 ὅτε
618 3512 862 3577 τόσσον
908 3510 1194 3596 ἀπῆμεν,
1232 3512 1395 3578 ὅσον
1439 3534 1509 3577 τε
1554 3510 1801 3595 γέγωνε
1846 3514 2123 3596 βοήσας,

1756 3617 1861 3669 13*
