2646 3932
356 198 504 281 '196
1143 219 1560 272 οΔΤΣΣΕῑΑΣ
1595 222 1665 273 M.

284 397 297 410 ·
372 360 584 447 ῥίμφα
632 362 1012 445 διώκοντες,
1058 363 1175 440 τὰς
1220 359 1283 427 δ’
1338 362 1422 428 οὐ
1469 363 1677 428 λάθεν
1724 363 2019 441 ὠκύαλος
2062 373 2228 447 νηῦς

371 464 658 549 ἐγγύθεν
705 466 1068 553 ὀρνυμένη,
1114 468 1397 553 λιγυρὴν
1442 467 1505 534 δ’
1558 472 1836 535 ἔντυνον
1882 468 2147 552 ἀοιδήν·

316 638 321 643 .
371 570 574 658 ,δεῦρ’
627 569 732 655 ἄγ’
787 573 929 656 ἰών,
966 572 1272 639 πολύαιν’
1311 571 1608 657 Ὀδυσεῦ,
1653 572 1819 658 μέγα
1855 576 2058 652 κῦδος
2087 572 2390 659 Ἀχαιῶν,

370 687 498 761 νῆα
542 680 983 763 κατάστησον,
1031 681 1141 746 ἵνα
1184 679 1509 766 νωιτέρην
1555 678 1661 746 ὄπ’
1716 680 2019 767 ἀκούσῃς.
2285 698 2390 746 185

370 783 454 848 οὐ
499 783 623 870 γάρ
669 783 771 849 πώ
815 807 916 861 τις
948 786 1105 870 τῇδε
1149 788 1487 872 παρήλασε
1533 783 1646 869 νηὶ
1690 788 1996 872 μελαίνῃ,
2041 818 2046 821 ·

369 891 528 975 πρίν
571 888 635 972 γ’
687 889 908 975 ἡμέων
952 893 1313 977 μελίγηρυν
1360 891 1488 958 ἀπὸ
1535 893 1878 977 στομάτων
1923 891 2029 958 ὄπ’
2084 893 2391 976 ἀκοῦσαι,

370 990 513 1061 ἀλλ’
563 996 600 1062 ὅ
645 1020 720 1080 γε
763 997 1169 1082 τερψάμενος
1211 1008 1423 1064 νεῖται
1467 996 1578 1064 καὶ
1623 1001 1897 1063 πλείονα
1942 998 2162 1075 εἰδώς·

370 1103 561 1186 ἴδμεν
603 1103 731 1188 γάρ
776 1126 881 1168 τοι
924 1101 1159 1186 πάνθ’,
1207 1102 1308 1169 δσ’
1362 1102 1463 1169 ἐνὶ
1516 1107 1719 1190 Τροίῃ
1766 1104 1988 1190 εὐρείῃ

363 1206 642 1294 Ἀργεῖοι
697 1207 913 1295 Τρῶές
956 1232 1025 1275 τε
1070 1215 1254 1275 θεῶν
1301 1212 1509 1295 ἰότητι
1554 1212 1882 1294 μόγησαν,
2286 1228 2393 1277 190

370 1318 560 1401 ἴδμεν
606 1314 698 1399 δ’,
743 1316 910 1381 ὅσσα
953 1314 1222 1401 γένηται
1267 1314 1374 1381 ἐπὶ
1418 1314 1617 1400 χθονὶ
1664 1306 2218 1402 πουλυβοτείρῃ(

457 1416 547 1499 ὥς
591 1423 815 1507 φάσαν
862 1423 1059 1487 ἰεῖσαι
1103 1423 1234 1488 ὅπα
1275 1423 1630 1507 κάλλιμον·
1676 1423 1884 1509 αὐτὰρ
1931 1418 2091 1507 ἐμὸν
2133 1430 2258 1508 κῆρ

367 1525 562 1612 ἤθελ’
614 1526 1036 1611 ἀκουέμεναι,
1082 1529 1286 1594 λῦσαί
1321 1525 1380 1593 τ’
1433 1526 1738 1594 ἐκέλευον
1784 1527 2083 1614 ἑταίρους

368 1635 618 1721 ὀφρύσι
661 1636 1060 1713 νευστάζων·
1106 1634 1179 1700 οἰ
1219 1630 1292 1699 δὲ
1338 1637 1780 1720 προπεσόντες
1826 1638 2116 1722 ἔρεσσον.

369 1741 602 1806 αὐτίκα
648 1735 711 1806 δ’
762 1741 1116 1818 ἀνστάντες
1162 1742 1546 1827 Περιμήδης
1590 1741 1974 1826 Εὐρύλοχός
2016 1765 2087 1807 τε
2283 1760 2388 1808 195

367 1850 632 1914 πλείοσί
668 1845 737 1933 μ’
790 1846 863 1913 έν
909 1849 1210 1931 δεσμοῖσι
1256 1845 1413 1912 δέον
1457 1849 1711 1931 μᾶλλόν
1752 1871 1823 1913 τε
1868 1850 2105 1926 πίεζον.

369 1954 575 2040 αὐτὰρ
622 1951 758 2020 ἐπεὶ
806 1954 889 2039 δὴ
935 1954 1052 2031 τάς
1095 1976 1170 2038 γε
1216 1954 1636 2039 παρήλασαν,
1684 1948 1833 2020 οὐδ’
1885 1952 1973 2020 ἔτ’
2027 1957 2246 2022 ἔπειτα

367 2069 676 2148 φθογγῆς
702 2062 1069 2147 .Σειρήνων
1112 2059 1443 2144 ἠκούομεν
1488 2057 1654 2126 οὐδέ
1690 2057 1750 2124 τ’
1803 2060 2065 2143 ἀοιδῆς,

369 2164 508 2248 αἶψ’
563 2169 691 2235 ἀπὸ
735 2169 941 2253 κηρὸν
986 2166 1214 2232 ἕλοντο
1262 2163 1407 2250 ἐμοὶ
1453 2165 1710 2252 ἐρίηρες
1753 2164 2029 2252 ἑταῖροι,

369 2275 449 2341 ὅν
477 2291 642 2359 σφιν
670 2271 768 2339 ἐπ’
805 2270 969 2338 ὠσὶν
998 2267 1239 2354 ἄλειψ’,
1271 2271 1387 2356 ἐμέ
1408 2269 1467 2336 τ’
1502 2270 1574 2336 ἐκ
1603 2273 1864 2356 δεσμῶν
1892 2270 2237 2339 ἀνέλυσαν.
2280 2291 2388 2340 200

457 2380 600 2446 ἀλλ’
654 2380 762 2446 ὅτε
806 2380 890 2462 δὴ
934 2379 1058 2461 τὴν
1101 2387 1312 2461 νῆσον
1359 2377 1730 2462 ἐλείπομεν,
1752 2365 1756 2368 ’
1776 2376 1987 2444 αὐτίκ’
2040 2381 2261 2445 ἔπειτα

367 2489 621 2553 καπνὸν
665 2484 776 2552 καὶ
823 2483 988 2570 μέγα
1031 2493 1207 2569 κῦμα
1253 2486 1406 2551 ἴδον
1448 2482 1560 2550 καὶ
1606 2486 1863 2551 δοῦπον
1907 2485 2175 2551 ἄκουσα.

366 2603 501 2658 τῶν
548 2589 608 2657 δ’
661 2593 788 2677 ἄρα
835 2591 1198 2656 δεισάντων
1245 2589 1317 2655 ἐκ
1361 2601 1602 2676 χειρῶν
1648 2588 1864 2655 ἔπτατ’
1916 2590 2186 2676 ἐρετμά,

367 2700 712 2783 βόμβησαν
748 2694 810 2762 δ’
863 2697 990 2782 ἄρα
1033 2696 1247 2762 πάντα
1290 2697 1457 2762 κατὰ
1503 2696 1692 2783 ῥόον·
1738 2697 1962 2781 ἔσχετο
2010 2696 2074 2763 δ’
2130 2697 2340 2764 αὐτοῦ

367 2813 562 2889 νηῦς,
608 2801 747 2869 ἐπεὶ
795 2799 1008 2869 οὐκέτ’
1062 2801 1298 2888 έρετμὰ
1341 2805 1633 2886 προήκεα
1675 2799 1903 2888 χερσὶν
1946 2805 2229 2887 ἔπειγον.
2279 2822 2386 2871 205

368 2909 576 2996 αὐτὰρ
622 2909 749 2992 ἐγὼ
797 2910 909 2974 διὰ
954 2910 1113 2993 νηὸς
1160 2908 1281 2974 ἰὼν
1317 2909 1621 2993 ὤτρυνον
1658 2906 1960 2995 ἑταίρους

366 3019 709 3102 μειλιχίοις
753 3014 1013 3081 ἐπέεσσι
1056 3016 1484 3099 παρασταδὸν
1528 3015 1742 3100 ἄνδρα
1787 3013 2092 3082 ἕκαστον·

367 3117 442 3206 ,ὦ
491 3125 706 3207 φίλοι,
754 3120 837 3187 οὐ
882 3121 1008 3205 γάρ
1052 3120 1154 3185 πώ
1200 3143 1264 3185 τι
1307 3131 1529 3187 κακῶν
1575 3118 1944 3205 ἀδαήμονές
1988 3124 2198 3207 εἰμεν·

367 3227 450 3295 οὐ
495 3224 616 3313 μὲν
662 3228 744 3312 δὴ
790 3228 943 3292 τόδε
988 3229 1211 3312 μεῖζον
1256 3225 1397 3292 ἕπει
1441 3228 1676 3310 κακόν,
1722 3225 1764 3309 ἢ
1811 3227 1918 3293 ὅτε
1964 3227 2260 3305 Κύκλωψ

366 3339 525 3400 εἴλει
571 3332 672 3401 ένὶ
717 3341 877 3416 σπῆι
923 3337 1247 3420 γλαφυρῷ
1292 3340 1659 3419 κρατερῆφι
1704 3334 1968 3417 βίηφιν·
2280 3349 2390 3398 210

367 3440 532 3506 ἀλλὰ
575 3437 687 3506 καὶ
732 3441 933 3505 ἔνθεν
977 3438 1098 3525 ἐμῇ
1145 3438 1376 3526 ἀρετῇ,
1422 3441 1631 3523 βουλῇ
1675 3460 1746 3504 τε
1789 3446 1927 3526 νοῷ
1962 3461 2064 3521 τε,

369 3545 769 3631 ἐκφύγομεν,
815 3548 934 3611 καί
971 3567 1103 3611 που
1147 3547 1358 3611 τῶνδε
1405 3548 1777 3630 μνήσεσθαι
1821 3545 1957 3610 ὀίω.
