2646 3932
327 214 453 277 122
1074 217 1490 269 οΔΤΣΣΕῙΑΣ
1526 215 1594 269 Θ.

327 361 401 424 ἐν
447 356 504 423 τ’
558 360 686 445 ἄρα
731 359 802 425 οἰ
843 368 939 443 φῦ
983 360 1175 445 χειρί,
1222 362 1379 437 ἔπος
1421 353 1482 423 τ’
1533 354 1721 443 ἔφατ’
1773 361 1845 423 ἔκ
1888 351 1946 421 τ’
1999 357 2343 442 ὀνόμαζεν·

325 466 603 552 ,,δεῦρο,
651 468 846 550 φίλη,
894 462 1274 549 λέκτρονδε·
1320 467 1718 550 τραπείομεν
1762 461 2182 546 εὐνηθέντες·

323 571 407 637 οὐ
451 571 579 656 γὰρ
625 567 730 635 ἔθ’
767 568 1138 655 ’Ἠφαιστος
1183 571 1611 655 μεταδήμιος,
1658 568 1824 634 ἀλλά
1867 590 2000 634 που
2044 570 2172 653 ἤδη

325 683 571 761 οἴχεται
616 675 683 753 ἐς
726 679 1008 760 Λῆμνον
1051 678 1211 760 μετὰ
1256 679 1534 753 Σίντιας
1581 674 2108 761 ἀγριοφώνους.“

413 778 503 860 ὥς
547 783 751 867 φάτο,
795 790 876 867 τῇ
923 779 985 847 δ’
1039 781 1377 848 ἀσπαστὸν
1424 780 1676 847 ἐείσατο
1722 787 2145 865 κοιμηθῆναι.
2237 798 2343 847 295

323 890 415 953 τὼ
462 886 523 953 δ’
577 887 644 966 ἐς
688 886 921 972 δέμνια
965 888 1164 972 βάντε
1208 886 1654 973 κατέδραθον·
1701 885 1870 971 ἀμφὶ
1917 883 1991 953 δὲ
2038 885 2268 972 δεσμοὶ

324 996 702 1079 τεχνήεντες
746 996 979 1078 ἔχυντο
1025 993 1453 1078 πολύφρονος
1489 990 1912 1078 Ἡφαίστοιο,

324 1098 491 1166 οὐδέ
529 1123 593 1164 τι
613 1146 617 1150 .
637 1107 901 1182 κινῆσαι
946 1097 1199 1184 μελέων
1242 1094 1330 1183 ἦν
1376 1097 1524 1165 οὐδ’
1577 1099 1905 1186 ἀναεῖραι·

324 1205 436 1272 καὶ
479 1209 625 1272 τότε
674 1206 757 1289 δὴ
804 1206 1211 1288 γίγνωσκον,
1257 1205 1294 1270 ὅ
1340 1202 1399 1270 τ’
1453 1203 1674 1271 οὐκέτι
1719 1206 1939 1291 φυκτὰ
1982 1203 2279 1271 πέλοντο.

328 1312 690 1397 ἀγχίμολον
738 1309 818 1376 δέ
858 1308 973 1395 σφ’
1025 1305 1195 1394 ἦλθε
1240 1311 1631 1396 περικλυτὸς
1676 1310 2101 1395 ἀμφιγυήεις,
2237 1328 2344 1378 300

328 1413 516 1495 αὖτις
560 1414 978 1502 ὑποστρέψας
1031 1414 1193 1502 πρὶν
1235 1419 1519 1501 Λήμνου
1563 1427 1764 1501 γαῖαν
1809 1414 2098 1483 ἱκέσθαι·

319 1523 577 1602 Ἠέλιος
620 1524 748 1609 γάρ
795 1524 866 1588 οἱ
906 1524 1191 1607 σκοπιὴν
1234 1525 1383 1607 ἔχεν
1427 1518 1573 1589 εἶπέ
1612 1546 1681 1589 τε
1725 1529 1966 1607 μῦθον.

331 1630 438 1719 [βῆ
487 1629 547 1696 δ’
601 1637 821 1715 ἴμεναι
864 1629 1029 1714 πρὸς
1075 1631 1262 1713 δῶμα
1307 1631 1512 1714 φίλον
1555 1628 1931 1714 τετιημένος
1973 1624 2134 1715 ἦτορ
2148 1631 2188 1711 ·]

327 1739 480 1822 ἔστη
528 1733 590 1802 δ’
644 1734 718 1801 ἐν
761 1735 1199 1821 προθύροισι,
1244 1738 1441 1820 χόλος
1485 1734 1566 1802 δέ
1604 1760 1721 1821 μιν
1767 1737 1994 1820 ἄγριος
2038 1733 2254 1821 ᾖρειν·

326 1839 734 1927 σμερδαλέον
779 1836 842 1907 δ’
893 1840 1127 1925 ἐβόησε
1181 1839 1438 1925 γέγωνέ
1476 1864 1546 1907 τε
1592 1851 1752 1907 πᾶσι
1796 1847 2088 1906 θεοῖσιν·
2238 1857 2343 1908 305

329 1954 506 2034 ,,Ζεῦ
551 1949 754 2034 πάτερ
799 1945 906 2032 ηδ’
961 1949 1148 2015 ἄλλοι
1193 1947 1479 2033 μάκαρες
1522 1946 1677 2015 θεοὶ
1720 1942 1865 2014 αἰὲν
1910 1947 2156 2031 ἐόντες,

330 2050 548 2138 δεῦθ’,
595 2056 708 2119 ἵνα
752 2056 912 2139 ἔργα
956 2054 1240 2137 γελαστὰ
1282 2052 1395 2119 καὶ
1441 2053 1564 2119 οὐκ
1609 2053 1894 2120 ἐπιεικτὰ
1940 2055 2208 2139 ἴδησθε,

329 2163 418 2240 ὡς
463 2157 573 2246 ἐμὲ
617 2161 833 2245 χωλὸν
878 2159 1070 2225 ἐόντα
1114 2161 1284 2236 Διὸς
1326 2161 1633 2244 θυγάτηρ
1673 2158 2027 2245 Ἀφροδίτη

328 2265 474 2333 αἰὲν
519 2266 836 2351 ἀτιμάζει,
884 2264 1095 2350 φιλέει
1143 2263 1204 2331 δ’
1257 2265 1537 2350 ἀίδηλον
1564 2264 1803 2351 Ἄρηα,

328 2370 547 2457 οὕνεχ’
601 2372 637 2438 ὁ
681 2368 803 2456 μὲν
846 2373 1046 2448 καλός
1089 2394 1157 2437 τε
1202 2369 1313 2437 καὶ
1360 2371 1660 2456 ἀρτίπος,
1707 2372 1914 2457 αὐτὰρ
1953 2372 2079 2455 ἐγώ
2117 2395 2191 2454 γε
2239 2389 2344 2439 310

328 2478 655 2563 ἠπεδανὸς
697 2479 1004 2561 γενόμην.
1097 2475 1260 2562 ἀτὰρ
1306 2478 1391 2542 οὔ
1434 2480 1505 2542 τί
1542 2501 1654 2562 μοι
1701 2483 1910 2555 αἴτιος
1954 2478 2179 2560 ἄλλος,

330 2585 497 2651 ἀλλὰ
541 2592 734 2667 τοκῆε
784 2583 957 2665 δύω,
1002 2583 1092 2647 τὼ
1138 2584 1227 2668 μὴ
1274 2586 1630 2666 γείνασθαι
1675 2584 1980 2668 ὄφελλον.

329 2687 471 2757 ἀλλ’
526 2685 791 2771 ὄψεσθ’,
838 2688 950 2753 ἵνα
994 2688 1085 2752 τώ
1132 2711 1207 2771 γε
1253 2688 1665 2754 καθεύδετον
1711 2687 1784 2755 ἐν
1829 2692 2131 2774 φιλότητι

328 2798 424 2874 εἰς
468 2794 590 2880 ἐμὰ
636 2793 870 2879 δέμνια
914 2795 1177 2878 βάντες,
1224 2792 1352 2877 ἐγὼ
1401 2791 1463 2860 δ’
1517 2794 1733 2880 ὁρόων
1779 2794 2120 2880 ἀκάχημαι.

329 2901 412 2967 ού
447 2899 570 2986 μέν
604 2915 811 2984 σφεας
846 2896 937 2965 ἔτ’
981 2901 1184 2965 ἔολπα
1218 2900 1519 2984 μίνυνθά
1553 2923 1629 2984 γε
1664 2899 1921 2985 κειέμεν
1957 2900 2169 2978 οὕτως
2238 2915 2343 2966 315

327 3004 438 3073 καὶ
482 3006 656 3090 μάλα
700 3026 823 3090 περ
869 3003 1202 3090 φιλέοντε·
1246 2999 1391 3089 τάχ’
1444 3005 1568 3071 οὐκ
1613 3005 2008 3090 ἐθελήσετον
2053 3007 2249 3090 ἄμφω

326 3112 576 3178 εὕδειν·
622 3110 790 3176 ἀλλά
834 3127 1018 3196 σφωε
1064 3111 1263 3188 δόλος
1306 3108 1419 3176 καὶ
1465 3112 1704 3196 δεσμὸς
1747 3110 1990 3197 ἐρύξει,

328 3219 423 3295 εἰς
468 3217 504 3283 ὅ
548 3214 628 3283 κέ
665 3239 780 3301 μοι
824 3217 1000 3301 μάλα
1042 3216 1259 3282 πάντα
1303 3217 1519 3302 πατὴρ
1567 3216 1906 3305 ἀποδῷσιν
1951 3220 2174 3304 ἔεδνα,

329 3325 496 3390 ὅσσα
542 3324 613 3389 οί
653 3320 1004 3405 ἐγγυάλιξα
1048 3322 1427 3399 κυνώπιδος
1472 3323 1691 3388 εἵνεκα
1733 3324 2009 3408 κούρης,

330 3429 572 3496 οὕνεκά
618 3429 690 3494 οί
728 3429 892 3511 καλὴ
938 3427 1275 3512 θυγάτηρ,
1322 3427 1487 3514 ἀτὰρ
1533 3427 1657 3493 οὐκ
1702 3426 2089 3514 ἐχέθυμος.“
2242 3446 2344 3497 320

418 3528 507 3611 ὧς
551 3531 783 3619 ἔφαθ’,
830 3534 901 3600 οἰ
942 3528 1004 3599 δ’
1056 3531 1376 3619 ἀγέροντο
1414 3531 1567 3600 θεοὶ
1601 3532 1753 3600 ποτὶ
1787 3531 2185 3620 χαλκοβατὲς
2223 3539 2345 3602 δῶ·

2583 0 2610 102 Ἰ
