2646 3932
988 179 1404 230 ΟΔΤΣΣΕΙΑΣ
1441 181 1544 231 ΙΙΙ.
2185 176 2260 240 31

248 318 414 382 ἄλλα
462 313 535 383 δὲ
581 317 692 384 καὶ
738 320 995 404 δαίμων
1039 319 1483 404 ὑποθήσεται·
1528 320 1611 387 οὐ
1657 321 1783 406 γὰρ
1831 319 1949 385 ὀίω

248 423 330 489 οὔ
377 440 450 489 σε
495 430 678 489 θεῶν
724 424 947 510 ἀέκητι
991 425 1310 509 γενέσθαι
1354 449 1425 492 τε
1469 425 1804 510 τραφέμεν
1849 426 1984 490 τε.“

337 524 425 607 ὥς
471 532 598 615 ἄρα
644 530 988 616 φωνήσασ’
1039 531 1333 615 ἡγήσατο
1382 534 1654 609 Παλλὰς
1692 530 1943 615 Ἀθήνη

246 639 694 720 καρπαλίμως·
741 635 778 702 ὁ
826 634 887 702 δ’
941 640 1160 703 ἔπειτα
1205 636 1346 722 μετ’
1402 644 1581 721 ἴχνια
1625 641 1815 721 βαῖνε
1859 643 2069 702 θεοῖο.
2200 654 2270 701 30

248 734 391 821 ἷξον
438 739 498 806 δ’
551 741 618 819 ἐς
664 746 941 811 Πυλίων
987 743 1256 828 ἀνδρῶν
1303 745 1545 829 ἄγυρίν
1589 766 1659 808 τε
1706 741 1816 808 καὶ
1861 741 2088 829 ἕδρας,

246 846 393 913 ἔνθ’
447 849 573 932 ἄρα
618 847 897 934 Νέστωρ
942 844 1105 931 ἧστο
1151 851 1280 916 σὺν
1325 850 1583 932 υίάσιν,
1631 848 1802 934 ἀμφὶ
1848 847 1910 914 δ’
1964 847 2214 933 ἑταῖροι

248 952 417 1019 δαῖτ’
471 954 897 1038 ἐντυνόμενοι
941 954 1099 1037 κρέα
1130 955 1184 1021 τ’
1210 956 1450 1020 ὤπτων
1495 957 1662 1020 ἄλλα
1707 953 1764 1020 τ’
1817 959 2098 1040 ἔπειρον.

248 1061 319 1126 οί
358 1058 421 1126 δ’
473 1061 562 1137 ὡς
609 1055 734 1126 οὖν
781 1062 1038 1141 ξείνους
1085 1063 1270 1144 ἴδον,
1318 1061 1564 1146 ἁθρόοι
1607 1057 1826 1146 ἦλθον
1873 1062 2179 1142 ἅπαντες,

245 1168 473 1252 χερσίν
516 1163 573 1230 τ’
626 1165 995 1249 ἠσπάζοντο
1041 1165 1151 1232 καὶ
1198 1164 1600 1251 ἑδριάασθαι
1644 1168 1925 1249 ἄνωγον.
2199 1180 2266 1230 35

246 1283 503 1357 πρῶτος
549 1273 962 1357 Νεστορίδης
1009 1275 1487 1358 Πεισίστρατος
1533 1271 1823 1357 ἐγγύθεν
1870 1272 2092 1338 ἐλθὼν

248 1376 640 1462 ἀμφοτέρων
684 1377 790 1442 ἕλε
835 1389 1022 1462 χεῖρα
1077 1376 1188 1444 καὶ
1236 1380 1511 1464 ἵδρυσεν
1556 1380 1734 1466 παρὰ
1780 1377 1956 1444 δαιτὶ

246 1485 486 1550 κώεσιν
532 1484 606 1549 ἐν
650 1489 1044 1568 μαλακοῖσιν
1100 1481 1206 1549 ἐπὶ
1252 1486 1594 1569 ψαμάθοις
1638 1484 1903 1569 ἁλίῃσιν

245 1592 378 1676 πάρ
423 1614 494 1657 τε
539 1594 912 1679 κασιγνήτῳ
962 1592 1394 1675 Θρασυμήδεϊ
1433 1589 1544 1656 καὶ
1590 1589 1819 1676 πατέρι
1868 1581 1937 1678 ᾦ.

247 1699 418 1762 δῶκε
454 1693 517 1760 δ’
563 1697 688 1779 ἄρα
726 1697 1122 1781 σπλάγχνων
1158 1699 1427 1782 μοίρας,
1474 1695 1548 1762 ἐν
1586 1694 1647 1761 δ’
1692 1691 1881 1761 οἶνον
1919 1699 2145 1779 ἔχευεν
2201 1712 2267 1759 4ο

245 1805 531 1891 χρυσείῳ
580 1800 802 1867 δέπαϊ·
877 1803 1371 1886 δειδισκόμενος
1417 1798 1491 1867 δὲ
1537 1802 1885 1886 προσηύδα

247 1906 547 1975 Παλλάδ’
594 1906 959 1993 Ἀθηναίην
1013 1910 1266 1995 κούρην
1309 1910 1479 1986 Διὸς
1526 1911 1878 1993 αἰγιόχοιο·

247 2016 480 2098 ,,εὔχεο
527 2023 686 2098 νῦν,
734 2010 785 2079 ὦ
834 2012 1034 2098 ξεῖνε,
1083 2014 1509 2081 Ποσειδάωνι
1555 2015 1817 2078 ἄνακτι·

246 2130 368 2186 τοῦ
412 2122 540 2204 γὰρ
585 2118 696 2184 καὶ
742 2121 969 2203 δαίτης
1013 2119 1335 2204 ἠντήσατε
1384 2122 1585 2203 δεῦρο
1634 2122 1963 2203 μολόντες.

248 2227 456 2312 αὐτὰρ
494 2227 658 2309 ἐπὴν
704 2229 975 2311 σπείσῃς
1017 2250 1087 2291 τε
1132 2224 1244 2292 καὶ
1288 2226 1535 2311 εὔξεαι,
1581 2225 1623 2310 ἢ
1668 2223 1865 2310 θέμις
1911 2225 2093 2290 ἐστίν
2105 2273 2125 2307 ,
2199 2242 2267 2290 45

249 2335 364 2410 δὸς
408 2331 517 2398 καὶ
561 2333 773 2421 τούτῳ
821 2335 1041 2398 ἔπειτα
1089 2331 1290 2410 δέπας
1337 2332 1681 2418 μελιηδέος
1727 2338 1917 2397 οἴνου

249 2450 540 2521 σπεῖσαι,
588 2436 728 2504 ἐπεὶ
772 2436 882 2504 καὶ
926 2447 1169 2504 τοῦτον
1214 2439 1438 2523 ὀίομαι
1484 2438 1922 2504 ἀθανάτοισιν

249 2547 589 2629 εὔχεσθαι·
636 2544 875 2620 πάντες
924 2540 996 2609 δὲ
1040 2549 1223 2609 θεῶν
1268 2543 1571 2629 χατέουσ’
1625 2546 1990 2627 ἅνθρωποι.

249 2651 415 2715 ἀλλά
458 2651 777 2734 νεώτερός
822 2648 1032 2732 ἐστιν,
1078 2649 1385 2734 ὁμηλικίη
1435 2648 1496 2715 δ’
1551 2648 1696 2735 ἐμοὶ
1743 2650 1947 2737 αὐτῷ·

247 2758 527 2823 τούνεκα
573 2754 681 2821 σοὶ
726 2753 1023 2843 προτέρῳ
1072 2756 1266 2821 δώσω
1312 2758 1628 2842 χρύσειον
1674 2757 2003 2822 ἄλεισον.“
2200 2773 2268 2821 50

337 2859 426 2940 ὧς
471 2863 675 2928 εἰπὼν
721 2861 794 2926 ἐν
838 2859 1009 2946 χειρὶ
1053 2864 1231 2927 τίθει
1276 2861 1479 2938 δέπας
1513 2861 1709 2945 ἡδέος
1754 2867 1974 2927 οἴνου·

247 2980 431 3053 χαῖρε
481 2966 541 3033 δ’
586 2966 906 3051 Ἀθηναίη
952 2966 1345 3056 πεπνυμένῳ
1393 2966 1590 3053 ἀνδρὶ
1637 2969 1900 3056 δικαίῳ,

249 3077 489 3141 οὕνεκα
536 3068 606 3141 οἶ
647 3073 933 3160 προτέρῃ
981 3076 1149 3141 δῶκε
1195 3074 1509 3158 χρύσειον
1555 3076 1839 3140 ἄλεισον.

248 3183 483 3247 αὐτίκα
529 3180 590 3246 δ’
643 3182 868 3265 εὔχετο
916 3182 1127 3246 πολλὰ
1175 3180 1598 3245 Ποσειδάωνι
1644 3180 1903 3245 ἄνακτι·

248 3292 525 3368 ,,κλῦθι,
575 3288 953 3353 Ποσείδαον
997 3288 1296 3370 γαιήοχε,
1345 3281 1510 3370 μηδὲ
1556 3288 1842 3370 μεγήρῃς
2198 3303 2265 3352 55

246 3392 407 3476 ἡμῖν
452 3391 866 3477 εὐχομένοισι
914 3397 1296 3475 τελευτῆσαι
1340 3393 1496 3456 τάδε
1543 3394 1720 3475 ἔργα.

256 3496 542 3583 Νέστορι
586 3493 707 3581 μὲν
745 3498 1086 3581 ,πρώτιστα
1130 3495 1240 3562 καὶ
1286 3497 1472 3561 υἱάσι
1516 3497 1720 3572 κῦδος
1767 3498 1990 3578 ὄπαζε,
