2646 3932
348 209 477 274 130
1089 207 1505 259 οΔΤΣΣΕῙΑΣ
1541 205 1611 258 A.

344 348 521 429 εἶδός
563 375 633 418 τε
680 350 962 436 μέγεθός
1004 372 1074 415 τε
1123 345 1224 414 ἰδὲ
1271 346 1520 433 φρένας
1565 348 1765 413 ἔνδον
1811 345 2027 425 ἐίσας;

346 457 558 536 ξεῖνος
604 452 665 523 δ’
717 451 859 523 αὖτ’
912 455 1064 540 ἐμός
1110 454 1320 536 ἐστιν,
1367 452 1635 530 ἕκαστος
1682 448 1744 518 δ’
1795 455 2036 537 ἔμμορε
2081 460 2301 537 τιμῆς·

345 572 435 650 τῷ
483 564 569 647 μὴ
617 561 1026 647 ἐπειγόμενοι
1072 557 1513 644 ἀποπέμπετε,
1559 555 1726 644 μηδὲ
1770 559 1852 623 τὰ
1897 559 2076 644 δῶρα

347 668 519 734 οὕτω
539 731 544 736 ,
565 672 896 755 χρηίζοντι
941 667 1276 732 κολούετε·
1321 666 1535 730 πολλὰ
1578 666 1706 751 γὰρ
1750 663 1912 748 ὑμῖν
2268 679 2382 756 340

345 770 616 859 κτήματ’
666 772 766 840 ἐνὶ
813 774 1158 859 μεγάροισι
1201 778 1386 837 θεῶν
1433 772 1642 856 ἰότητι
1686 768 2014 836 κέονται.“

433 891 607 945 τοῖσι
655 876 728 944 δὲ
771 877 884 945 καὶ
928 876 1218 963 μετέειπε
1263 876 1480 962 γέρων
1523 878 1700 963 ἥρως
1738 871 2067 961 Ἐχένηος,

350 984 450 1067 [ὃς
496 987 577 1069 δὴ
630 984 942 1070 Φαιήκων
988 984 1255 1069 ἀνδρῶν
1298 981 1813 1070 προγενέστερος
1857 978 2032 1066 ήεν·]

348 1086 446 1174 ,,ὦ
492 1094 708 1176 φίλοι,
756 1090 838 1156 οὐ
884 1091 1016 1175 μὰν
1059 1084 1220 1173 ἧμιν
1267 1088 1395 1154 ἀπὸ
1444 1098 1695 1154 σκοποῦ
1741 1084 1889 1155 οὐδ’
1941 1088 2069 1155 ἀπὸ
2118 1089 2315 1173 δόξης

348 1201 659 1280 μυθεῖται
702 1199 1005 1281 βασίλεια
1049 1198 1425 1280 περίφρων·
1471 1194 1638 1260 ἀλλὰ
1682 1198 1988 1260 πίθεσθε.
2268 1211 2378 1260 345

342 1298 684 1367 Ἀλκινόου
730 1296 793 1367 δ’
844 1301 916 1367 ἐκ
958 1295 1150 1366 τοῦδ’
1202 1302 1416 1384 ἔχεται
1461 1301 1660 1385 ἔργον
1704 1323 1774 1366 τε
1821 1302 1975 1377 ἔπος
2018 1300 2154 1365 τε.“

437 1410 556 1474 τὸν
603 1403 666 1473 δ’
716 1401 859 1472 αὖτ’
907 1401 1242 1482 ’Λλκίνοος
1288 1405 1682 1490 ἀπαμείβετο
1728 1406 2043 1492 φώνησέν
2088 1426 2185 1472 τε·

349 1522 588 1596 ,,τοῢτο
634 1508 756 1596 μὲν
801 1511 973 1577 οὕτω
1021 1511 1104 1596 δὴ
1152 1512 1335 1576 ἔσται
1379 1513 1564 1594 ἔπος,
1611 1518 1691 1577 αῖ
1726 1536 1842 1578 κεν
1887 1513 2015 1595 ἐγώ
2060 1536 2136 1597 γε

351 1619 510 1697 ζωὸς
561 1615 920 1701 Φαιήκεσσι
965 1615 1471 1702 φιληρέτμοισιν
1516 1616 1812 1683 ἀνάσσω·

350 1724 562 1804 ξεῖνος
609 1720 682 1789 δὲ
724 1722 935 1808 τλήτω
985 1724 1158 1807 μάλα
1202 1744 1326 1807 περ
1371 1725 1639 1789 νόστοιο
1684 1726 1962 1807 χατίζων
2269 1740 2376 1789 350

348 1832 554 1914 ἔμπης
598 1823 724 1895 οὖν
767 1829 1092 1914 ἐπιμεῖναι
1138 1828 1204 1906 ἐς
1249 1829 1520 1913 αὔριον,
1567 1830 1663 1905 εἰς
1707 1829 1745 1894 ὅ
1787 1853 1861 1896 κε
1904 1840 2125 1895 πᾶσαν

350 1936 636 2020 δωτίνην
679 1933 938 2000 τελέσω.
1029 1935 1253 2019 πομπὴ
1302 1928 1365 2001 δ’
1416 1935 1731 2021 ἄνδρεσσι
1774 1934 2041 2021 μελήσει

348 2050 538 2124 πᾶσι,
576 2042 856 2125 μάλιστα
893 2036 955 2106 δ’
999 2040 1171 2125 ἐμοί·
1208 2050 1330 2106 τοῦ
1365 2042 1493 2127 γὰρ
1530 2042 1769 2127 κράτος
1805 2037 1937 2108 ἔστ’
1980 2041 2081 2109 ἐνὶ
2119 2041 2375 2133 δήμφ.“

433 2148 552 2212 τὸν
595 2142 657 2212 δ’
701 2147 1222 2232 ἀπαμειβόμενος
1256 2146 1560 2233 προσέφη
1596 2148 1959 2232 πολύμητις
1991 2144 2344 2227 Ὀδυσσεύς
2360 2169 2377 2187 ·

349 2247 676 2337 ,,Ἀλκίνοε
721 2265 976 2340 κρεῖον,
1022 2254 1291 2319 πάντων
1321 2253 1694 2340 ἀριδείκετε
1741 2259 1951 2338 λαῶν,
2268 2273 2376 2322 355

350 2365 418 2424 εἴ
454 2382 533 2443 με
578 2356 688 2423 καὶ
734 2361 828 2435 εἰς
874 2359 1180 2425 ἐνιαυτὸν
1225 2354 1534 2442 ἀνώγοιτ’
1586 2359 1828 2426 αὐτόθι
1873 2362 2166 2446 μίμνειν,

347 2465 615 2548 πομπὴν
662 2459 722 2530 δ’
775 2464 1114 2551 ὀτρύνοιτε
1158 2463 1269 2530 καὶ
1314 2464 1526 2546 ἀγλαὰ
1572 2466 1755 2552 δῶρα
1801 2465 2079 2550 διδοῖτε,

347 2571 465 2634 καί
500 2592 573 2633 κε
617 2571 691 2634 τὸ
737 2571 1134 2655 βουλοίμην,
1180 2573 1299 2636 καί
1336 2593 1452 2635 κεν
1495 2572 1668 2635 πολὺ
1713 2568 1982 2657 κέρδιον
2025 2577 2150 2656 εἴη,

347 2672 690 2760 πλειοτέρῃ
738 2678 864 2740 σὺν
909 2674 1079 2762 χειρὶ
1123 2679 1331 2761 φίλην
1377 2675 1443 2752 ἐς
1487 2671 1746 2763 πατρίδ’
1799 2675 2088 2742 ἱκέσθαι·

347 2781 465 2845 καί
502 2774 563 2845 κ’
613 2781 1020 2866 αἰδοιότερος
1063 2779 1174 2847 καὶ
1221 2785 1530 2868 φίλτερος
1575 2781 1901 2869 ἀνδράσιν
1946 2790 2092 2868 εἰην
2270 2801 2376 2850 360

347 2895 581 2970 πᾶσιν,
626 2885 776 2959 ,ὅσοι
820 2882 888 2971 μ’
932 2882 1275 2971 Ἰθάκηνδε
1325 2888 1578 2953 ἰδοίατο
1623 2886 2104 2972 νοστήσαντα.“

435 2994 554 3057 τὸν
601 2987 662 3057 δ’
713 2987 863 3057 αὖτ’
909 2987 1242 3070 Ἀλκίνοος
1287 2992 1681 3077 ἀπαμείβετο
1728 2993 2041 3078 φώνησέν
2083 3013 2181 3060 τε·

349 3094 446 3182 ,,ώ
487 3092 796 3181 Ὀδυσεῦ,
843 3099 917 3163 τὸ
963 3095 1087 3182 μὲν
1131 3099 1215 3164 οὔ
1259 3101 1332 3164 τί
1371 3094 1438 3164 σ’
1490 3098 1795 3183 ἐίσκομεν
1841 3100 2300 3185 εἰσορόωντες,

348 3204 690 3288 ἠπεροπῆά
733 3198 792 3267 τ’
845 3205 998 3288 ἔμεν
1042 3202 1154 3269 καὶ
1199 3204 1586 3288 ἐπίκλοπον,
1634 3197 1744 3271 οἷά
1785 3228 1856 3271 τε
1900 3207 2188 3282 πολλοὺς

350 3312 574 3393 βόσκει
618 3319 775 3392 γαῖα
820 3307 1095 3393 μέλαινα
1146 3307 1601 3396 πολυσπερέας
1645 3309 2075 3396 ἀνθρώπους,
2270 3327 2377 3377 365

350 3416 600 3489 ψεύδεά
642 3409 701 3479 τ’
755 3414 1189 3501 ἀρτύνοντας,
1237 3416 1403 3482 ὅθεν
1446 3414 1527 3481 κέ
1563 3439 1663 3493 τις
1709 3412 1867 3481 οὐδὲ
1914 3418 2153 3482 ἴδοιτο·

352 3518 460 3586 σοὶ
510 3516 571 3586 δ’
623 3522 728 3585 ἔπι
773 3517 896 3604 μὲν
942 3522 1164 3607 μορφὴ
1213 3519 1453 3604 ἐπέων,
1498 3523 1600 3586 ἔνι
1646 3517 1721 3586 δὲ
1766 3519 2004 3607 φρένες
2049 3521 2303 3587 ἐσθλαί.
