2646 3932
992 167 1409 218 οΔΥΣΣΕῙΑΣ
1445 169 1540 220 XI.
2141 166 2265 229 171

250 309 469 393 ἔφθης
516 309 705 387 πεζὸς
752 307 874 373 ἰὼν
926 306 967 391 ἢ
1014 307 1142 391 ἐγὼ
1190 311 1318 374 σὺν
1363 306 1477 392 νηὶ
1522 310 1841 395 μελαίνῃὲ

340 408 432 490 ὧς
475 412 772 499 ἐφάμην,
818 413 855 482 ὁ
904 412 983 480 δέ
1023 412 1091 499 μ’
1144 414 1430 499 οἰμώξας
1471 415 1775 499 ἠμείβετο
1822 414 2048 504 μύθῳ·

251 515 598 602 ,[διογενὲς
641 521 1048 606 Λαερτιάδη,
1094 518 1508 605 πολυμήχαν’
1555 518 1874 586 Ὀδυσσεῦ
1885 524 1931 604 ,]
2205 537 2272 586 60

251 618 376 689 ἆσέ
414 648 493 708 με
540 626 857 710 δαίμονος
900 621 1057 691 αἶσα
1099 627 1265 709 κακὴ
1310 624 1423 691 καὶ
1468 624 1849 711 ἀθέσφατος
1893 621 2093 702 οἶνος.

252 732 504 816 Κίρκης
549 729 617 797 δ’
669 731 744 797 ἐν
787 732 1052 820 μεγάρῳ
1095 732 1577 817 καταλέγμενος
1622 732 1746 798 οὐκ
1790 730 2034 816 ἐνόησα

253 836 554 921 ἄψορρον
596 840 962 921 καταβῆναι
1008 838 1131 903 ἰὼν
1176 837 1243 914 ἐς
1285 841 1570 923 κλίμακα
1615 840 1875 924 μακρήν
1890 885 1909 920 ,

252 940 420 1007 ἀλλὰ
463 946 863 1029 καταντικρὺ.
904 941 1126 1026 τέγεος
1169 942 1404 1010 πέσον·
1451 943 1523 1010 ἐκ
1570 942 1649 1010 δέ
1690 967 1803 1028 μοι
1848 943 2061 1028 αὐχὴν

253 1047 684 1134 ἀστραγάλων
729 1048 921 1132 ἐάγη,
965 1049 1143 1133 ψυχὴ
1193 1044 1255 1114 δ’
1271 1041 1281 1050 ’
1299 1043 1596 1115 Ἄιδόσδε
1642 1054 1993 1133 κατῆλθεν.
2206 1066 2272 1115 65

251 1162 382 1219 νῦν
429 1151 508 1219 δέ
548 1170 622 1220 σε
665 1165 800 1220 τῶν
847 1156 1088 1219 ὄπιθεν
1131 1156 1567 1240 γουνάζομαι,
1615 1152 1698 1221 οὖ
1742 1157 2158 1239 παρεόντων,

252 1262 417 1344 πρός
459 1254 519 1325 τ’
572 1258 818 1345 ἀλόχου
861 1259 973 1326 καὶ
1016 1264 1292 1347 πατρός,
1341 1261 1379 1326 ὅ
1416 1277 1489 1326 σε
1525 1259 1725 1348 τρέφε
1759 1262 2012 1326 τυτθὸν
2049 1259 2273 1342 ἐόντα,

262 1366 647 1449 Τηλεμάχου
691 1360 793 1449 θ’,
838 1364 920 1431 δν
964 1374 1220 1450 μοῦνον
1266 1364 1368 1432 ἐνὶ
1414 1367 1802 1452 μεγάροισιν
1847 1369 2124 1441 ἔλειπες·

256 1467 410 1537 οἶδα
452 1472 602 1558 γάρ,
650 1471 740 1548 ὡς
784 1471 1061 1538 ἐνθένδε
1104 1473 1271 1537 κιὼν
1317 1473 1531 1557 δόμου
1576 1472 1643 1553 ἐξ
1683 1468 1904 1538 Ἀίδαο

254 1585 466 1660 νῆσον
511 1576 577 1653 ἐς
624 1579 873 1661 Αἰαίην
916 1579 1185 1662 σχήσεις
1227 1575 1501 1663 ἐυεργέα
1542 1585 1700 1661 νῆα·
2208 1593 2275 1642 ‘10

255 1685 425 1748 ἔνθα
471 1677 534 1748 σ’
584 1685 834 1766 ἔπειτα,
882 1683 1074 1766 ἅναξ,
1120 1682 1393 1767 κέλομαι
1438 1686 1822 1767 μνήσασθαι
1867 1682 2062 1767 ἐμεῖο.

256 1792 345 1874 μή
390 1783 457 1874 μ’
508 1790 838 1854 ἄκλαυτον
883 1790 1189 1854 ἄθαπτον
1235 1790 1358 1854 ἰὼν
1402 1791 1642 1855 ὄπιθεν
1685 1792 2100 1855 καταλείπειν

255 1898 681 1981 νοσφισθείς,
727 1898 817 1980 μή
861 1898 973 1960 τοί
1009 1918 1074 1960 τι
1116 1900 1300 1961 θεῶν
1346 1898 1595 1980 μήνιμα
1638 1893 1959 1981 γένωμαι,

174 2019 177 2022 “
259 2001 424 2068 ἀλλά
469 2024 548 2085 με
592 2009 871 2085 κακκῆαι
917 2004 1044 2067 σὺν
1087 2002 1419 2085 τεύχεσιν,
1467 2001 1639 2066 ἅσσα
1683 2024 1796 2086 μοι
1840 2004 2053 2085 ἔστιν,

259 2108 436 2191 σῆμά
478 2104 554 2172 τέ
593 2130 707 2189 μοι
751 2116 939 2191 χεῦαι
982 2113 1218 2191 πολιῆς
1262 2104 1370 2172 ἐπὶ
1415 2104 1564 2172 θινὶ
1606 2108 1984 2191 θαλάσσης,
2212 2124 2277 2172 75

259 2212 504 2296 ἀνδρὸς
550 2213 907 2295 δυστήνοιο
951 2211 1064 2278 καὶ
1109 2211 1528 2297 ἐσσομένοισι
1572 2211 1933 2278 πυθέσθαι.

257 2317 465 2383 ταῦτά
506 2315 583 2383 τέ
621 2340 735 2401 μοι
776 2317 1034 2383 τελέσαι
1087 2318 1292 2402 πῆξαί
1329 2312 1387 2383 τ’
1438 2315 1546 2383 ἐπὶ
1589 2318 1818 2406 τύμβῳ
1864 2318 2166 2405 ἐρετμόν,

258 2432 349 2512 τῷ
397 2420 508 2487 καὶ
555 2423 716 2501 ζωὸς
759 2426 1036 2509 ἔρεσσον
1081 2422 1211 2488 ἐὼν
1256 2418 1396 2508 μετ’
1446 2422 1627 2507 ἐμοῖς
1673 2421 2049 2508 ἑτάροισινέ

350 2524 439 2605 ὧς
483 2524 697 2614 ἔφατ’,
744 2529 953 2616 αὐτὰρ
999 2528 1126 2612 ἐγώ
1174 2554 1290 2614 μιν
1335 2529 1767 2614 ἀμειβόμενος
1809 2529 2235 2616 προσέειπον·

260 2635 489 2719 ,ταῦτά
531 2658 667 2720 τοι,
715 2631 766 2702 ὦ
814 2636 1130 2720 δύστηνε,
1176 2637 1544 2718 τελευτήσω
1588 2658 1659 2701 τε
1703 2632 1814 2700 καὶ
1859 2634 2066 2720 ἔρξωέ
2211 2651 2279 2701 80

348 2751 474 2806 νῶι
518 2736 639 2824 μὲν
686 2736 776 2818 ὥς
820 2739 1122 2806 ἐπέεσσιν
1166 2739 1592 2825 ἀμειβομένω.
1625 2752 2048 2827 στυγεροῖσιν

261 2841 484 2931 ἥμεθ’,
539 2846 665 2929 ἐγὼ
721 2842 844 2930 μὲν
888 2847 1177 2911 ἄνευθεν
1222 2840 1330 2930 ἐφ’
1380 2847 1604 2929 αἵματι
1649 2846 1998 2931 φάσγανον
2044 2853 2279 2931 ἴσχων,

263 2954 544 3019 εἴδωλον
588 2947 651 3018 δ’
702 2950 1028 3037 ἑτέρωθεν
1073 2949 1339 3036 ἑταίρου
1382 2945 1573 3017 πόλλ’
1624 2950 1971 3037 ἀγόρευεν·

263 3054 431 3142 ἦλθε
475 3053 540 3123 δ’
591 3056 697 3124 ἐπὶ
739 3058 917 3142 ψυχὴ
965 3057 1210 3143 μητρὸς
1250 3059 1846 3141 κατατεθνηκυίης,

262 3163 659 3230 Αὐτολύκου
701 3163 1007 3248 θυγάτηρ
1052 3164 1499 3249 μεγαλήτορος
1545 3156 1934 3245 Ἀντίκλεια,
2210 3178 2279 3228 85

261 3271 385 3353 τὴν
432 3270 604 3352 ζωὴν
646 3268 1031 3335 κατέλειπον
1077 3268 1200 3333 ἰὼν
1244 3269 1340 3345 εἰς
1365 3266 1576 3333 Ἴλιον
1620 3269 1790 3353 ἱρήν.

261 3376 386 3460 τὴν
429 3372 552 3460 μὲν
595 3374 722 3458 ἐγὼ
769 3375 1070 3459 δάκρυσα
1116 3374 1281 3439 ἰδὼν
1327 3371 1562 3456 ἐλέησά
1606 3394 1676 3437 τε
1719 3376 1947 3460 θυμῷ·

264 3474 408 3548 ἀλλ’
459 3476 604 3547 οὐδ’
658 3476 746 3558 ὥς
791 3486 948 3546 εἴων
991 3478 1350 3566 προτέρην,
1396 3479 1679 3548 πυκινόν
1723 3497 1846 3562 περ
1893 3476 2180 3562 ἀχεύων,
