2646 3932
367 184 495 248 154
1113 185 1528 236 ΟΔΤΣΣΕΙΑΣ
1563 185 1628 236 Κ.

360 327 405 411 ἡ
454 325 517 392 δ’
572 323 714 405 αἶψ’
768 326 837 405 ἐξ
884 326 1129 414 ἀγορῆς
1174 325 1391 392 ἐκάλει
1436 327 1679 392 κλυτὸν
1717 323 2143 411 Ἀντιφατῆα,

362 431 446 498 ὃν
489 435 722 516 πόσιν,
769 431 843 510 ὃς
891 433 973 515 δὴ
1019 443 1236 498 τοῖσιν
1282 430 1566 517 ἐμήσατο
1614 433 1864 518 λυγρὸν
1909 433 2214 518 ὄλεθρον.
2284 448 2383 497 115

363 536 576 622 αὐτίχ’
629 538 747 604 ἕνα
792 539 1056 624 μάρψας
1101 537 1352 624 ἑτάρων
1399 538 1771 611 ὡπλίσσατο
1818 539 2119 602 δεῖπνον·

365 645 456 709 τὼ
504 641 577 710 δὲ
623 642 734 710 δύ’
788 642 1047 722 ἀίξαντε
1094 652 1277 730 φυγῇ
1323 641 1431 709 ἐπὶ
1474 653 1639 727 νῆας
1684 642 1978 727 ἱκέσθην.

369 750 575 835 αὐτὰρ
624 750 661 817 ὁ
706 758 894 834 τεῦχε
939 749 1108 834 βοὴν
1154 751 1265 814 διὰ
1311 751 1567 826 ἄστεος·
1614 750 1685 816 οί
1725 744 1787 814 δ’
1841 749 2097 827 ἀίοντες

293 909 295 911 .
366 859 623 940 φοίτων
669 862 943 941 ἴφθιμοι
985 858 1479 943 Λαιστρυγόνες
1523 857 1813 922 ἄλλοθεν
1858 857 2086 938 ἄλλος,

370 965 626 1049 μυρίοι,
675 962 798 1028 οὐκ
845 963 1202 1047 ἄνδρεσσιν
1248 961 1562 1045 ἐοικότες,
1610 962 1776 1027 ἀλλὰ
1824 965 2118 1045 Γίγασιν.
2285 978 2387 1027 120

367 1069 442 1133 οἵ
483 1067 545 1153 ῥ’
599 1067 725 1134 ἀπὸ
771 1070 1074 1154 πετράων
1119 1067 1528 1153 ἀνδραχθέσι
1572 1070 2026 1153 χερμαδίοισιν

370 1176 647 1257 βάλλον·
694 1176 874 1261 ἄφαρ
923 1171 995 1239 δὲ
1040 1177 1239 1251 κακὸς
1281 1177 1567 1257 κόναβος
1610 1176 1774 1239 κατὰ
1818 1183 1982 1258 νῆας
2028 1174 2306 1260 ὀρώρειν

372 1280 639 1365 ἀνδρῶν
685 1279 743 1344 τ’
796 1279 1180 1364 ὀλλυμένων
1224 1291 1409 1363 νηῶν
1452 1278 1525 1345 θ’
1579 1281 1712 1365 ἅμα
1758 1281 2218 1365 ἀγνυμενάων·

372 1388 569 1471 ἰχθῦς
614 1385 675 1452 δ’
728 1386 816 1463 ὣς
859 1389 1196 1472 πείροντες
1241 1385 1521 1473 ἀτερπέα
1567 1387 1758 1451 δαῖτα
1802 1384 2105 1472 φέροντο.

369 1490 528 1579 ὄφρ’
581 1493 653 1557 οἱ
691 1495 847 1569 τοὺς
891 1494 1125 1558 ὄλεκον
1170 1490 1434 1576 λιμένος
1477 1490 1929 1576 πολυβενθέος
1974 1492 2185 1575 ἐντός,
2288 1510 2389 1558 125

371 1602 588 1684 τόφρα
636 1596 696 1663 δ’
749 1598 875 1681 ἐγὼ
924 1597 1112 1683 ξίφος
1157 1598 1275 1678 ὀξὺ
1319 1597 1765 1685 ἐρυσσάμενος
1809 1598 1986 1683 παρὰ
2029 1607 2245 1685 μηροῦ

372 1713 469 1793 τῷ
510 1705 637 1770 ἀπὸ
683 1702 981 1789 πείσματ’
1034 1707 1240 1782 ἔκοψα
1284 1706 1435 1781 νεὸς
1479 1704 2000 1790 κυανοπρώροιο.

372 1806 538 1888 αἶψα
585 1808 648 1874 δ’
702 1810 884 1894 ἐμοῖς
928 1808 1262 1897 ἑτάροισιν
1307 1809 1672 1897 ἐποτρύνας
1718 1809 2030 1875 ἐκέλευσα

375 1914 719 2000 ἐμβαλέειν
762 1916 1014 2002 κώπῃς,
1061 1914 1150 1981 ἵν’
1202 1912 1368 1982 ὑπὲκ
1410 1919 1735 2001 κακότητα
1780 1917 2135 2001 φύγοιμεν·

374 2023 448 2087 οἰ
489 2020 550 2087 δ’
604 2023 730 2088 ἄλα
775 2024 1013 2100 πάντες
1060 2021 1426 2109 ἀνέρριψαν
1473 2024 1808 2098 δείσαντες
1854 2024 2157 2108 ὄλεθρον.
2290 2041 2393 2091 130

377 2123 714 2205 ἀσπασίως
758 2126 821 2193 δ’
875 2127 941 2206 ἐς
985 2132 1234 2193 πόντον
1280 2128 1646 2213 ἐπηρεφέας
1690 2130 1862 2213 φύγε
1905 2127 2144 2215 πέτρας

377 2243 541 2318 νηῦς
586 2232 736 2317 ἐμή·
784 2233 990 2320 αὐτὰρ
1037 2234 1113 2299 αι’
1153 2236 1349 2298 ἄλλαι
1395 2231 1660 2309 ἀολλέες
1704 2233 1938 2298 αὐτόθ’
1991 2236 2245 2300 ὄλοντο.

466 2342 667 2405 ἔνθεν
715 2336 786 2405 δὲ
831 2339 1128 2425 προτέρω
1175 2339 1459 2424 πλέομεν
1505 2338 1903 2424 ἀκαχήμενοι
1943 2335 2136 2426 ἦτορ,

377 2448 652 2531 ἄσμενοι
698 2444 769 2510 ἐκ
812 2447 1169 2529 θανάτοιο,
1216 2449 1457 2531 φίλους
1502 2444 1848 2522 ὀλέσαντες
1894 2443 2207 2530 ἑταίρους.

378 2555 626 2635 Αἰαίην
671 2550 747 2637 δ’δ
788 2552 854 2629 ἐς
896 2560 1107 2635 νῆσον
1153 2549 1545 2637 ἀφίκομεθ’·
1590 2553 1760 2616 ἔνθα
1805 2548 1866 2614 δ’
1920 2552 2139 2617 ἔναιεν
2293 2570 2393 2619 135

380 2661 592 2743 Κίρκη
640 2656 1077 2743 ἐυπλόκαμος,
1126 2659 1311 2741 δεινὴ
1357 2659 1517 2734 θεὸς
1562 2655 1925 2740 αὐδήεσσα,

379 2763 902 2847 αὐτοκασιγνήτη
950 2763 1362 2849 ὀλοόφρονος
1405 2762 1687 2847 Αἰήταο·

380 2872 576 2956 ἄμφω
626 2866 686 2934 δ’
741 2868 1097 2954 ἐκγεγάτην
1143 2872 1638 2956 φαεσιμβρότου
1677 2867 1963 2935 Ἠελίοιο

380 2979 624 3063 μητρός
667 2974 725 3040 τ’
778 2975 849 3041 ἐκ
895 2974 1190 3060 Πέρσης,
1235 2976 1359 3058 τὴν
1398 2973 1705 3052 Ὠκεανὸς
1748 2973 1890 3040 τέκε
1936 2977 2156 3040 παῖδα.

378 3085 549 3147 ἔνθα
594 3078 655 3145 δ’
709 3078 807 3146 ἐπ’
861 3080 1059 3163 ἀκτῆς
1102 3079 1215 3164 νηὶ
1258 3083 1810 3165 κατηγαγόμεσθα
1856 3090 2069 3166 σιωπῇ
2296 3098 2399 3147 140

379 3187 710 3269 ναύλοχον
755 3185 822 3264 ἐς
866 3186 1126 3271 λιμένα,
1172 3189 1290 3251 καί
1327 3190 1427 3264 τίς
1470 3188 1630 3263 θεὸς
1673 3186 2091 3271 ἡγεμόνευεν.

379 3295 551 3357 ἔνθα
593 3290 727 3357 τότ’
780 3292 1087 3375 ἐκβάντες
1132 3293 1257 3358 δύο
1303 3291 1361 3358 τ’
1412 3293 1627 3376 ἤματα
1671 3289 1782 3357 καὶ
1828 3292 1952 3357 δύο
1998 3290 2240 3368 νύκτας

379 3395 631 3483 κείμεθ’
684 3397 853 3483 ὁμοῦ
896 3399 1163 3487 καμάτῳ
1207 3420 1277 3464 τε
1320 3395 1434 3462 καὶ
1478 3399 1704 3481 ἄλγεσι
1747 3398 1973 3481 θυμὸν
2018 3399 2294 3473 ἔδοντες.

378 3502 523 3569 ἀλλ’
577 3503 684 3569 ὅτε
731 3504 812 3589 δὴ
859 3507 1085 3589 τρίτον
1129 3498 1303 3588 ἦμαρ
1351 3503 1760 3588 ἐυπλόκαμος
1803 3500 2011 3568 τέλεσ’
2058 3500 2256 3584 Ἠώς,
