2646 3932
380 176 465 242 26
1135 175 1552 228 οΔΤΣΣΕῙΑΣ
1587 177 1650 227 Β.

378 318 647 405 κτήματ’
701 320 824 404 ἐμὰ
868 328 1266 405 μνηστῆρες,
1314 317 1442 401 ἐγὼ
1491 317 1553 385 δ’
1605 321 1701 384 ἔτι
1745 321 1980 402 νήπιος
2023 314 2136 402 ἧα;

382 437 507 491 νῦν
553 425 615 492 δ’
668 426 775 491 ὅτε
821 427 905 509 δὴ
953 424 1155 509 μέγας
1209 423 1344 508 εἰμὶ
1405 423 1515 489 καὶ
1577 425 1798 489 ἄλλων
1850 431 2075 509 μῦθον
2134 423 2398 490 ἀκούων

378 533 839 617 πυνθάνομαι,
885 530 996 597 καὶ
1032 532 1118 615 δή
1163 554 1276 615 μοι
1323 529 1574 609 ἀέξεται
1621 533 1856 596 ἔνδοθι
1899 533 2146 615 θυμός,
2293 549 2397 596 315

385 642 722 722 [πειρήσω,
768 639 857 715 ὥς
901 635 962 702 κ’
1014 638 1180 721 ὔμμι
1225 638 1427 714 κακὰς
1473 635 1579 702 ἐπὶ
1622 646 1828 722 κῆρας
1872 638 2065 720 ἰήλω,

378 740 454 828 ἠὲ
501 742 799 809 Πύλονδ’
853 743 1075 808 ἐλθὼν
1119 742 1160 826 ἣ
1208 743 1415 808 αὐτοῦ
1460 740 1617 829 τῷδ’
1671 741 1769 807 ἐνὶ
1818 744 2049 832 δήμω]

379 846 512 934 εἶμι
558 848 708 934 μέν,
758 848 904 915 οὐδ’
958 849 1108 933 ἁλίη
1158 849 1313 925 ὁδὸς
1359 852 1648 932 ἔσσεται,
1693 849 1780 932 ἢν
1825 849 2153 934 ἀγορεύω,

348 946 690 1041 ἔμπορος·
736 956 818 1021 οὐ
863 956 989 1041 γὰρ
1036 957 1197 1040 νηὸς
1243 956 1568 1039 ἐπήβολος
1612 953 1758 1020 οὐδ’
1812 954 2096 1039 ἐρετάων

380 1064 715 1146 γίγνομαι·
761 1063 851 1139 ὥς
885 1064 972 1127 νύ
1008 1083 1139 1127 που
1176 1063 1384 1147 ὔμμιν
1422 1060 1676 1127 ἐείσατο
1713 1059 1980 1146 κέρδιον
2018 1056 2253 1125 εἷναι.“
2291 1077 2397 1126 320

468 1164 508 1251 ἦ
556 1168 641 1253 ῥα
685 1166 797 1233 καὶ
843 1167 914 1233 ἐκ
959 1169 1176 1252 χειρὸς
1219 1179 1406 1253 χεῖρα
1452 1165 1727 1233 σπάσατ’
1775 1165 2138 1232 Ἀντινόοιο

383 1274 580 1358 [ρεἴα·
627 1283 993 1358 μνηστῆρες
1038 1270 1111 1338 δὲ
1160 1274 1370 1356 δόμον
1415 1274 1579 1337 κάτα
1625 1274 1817 1337 δαῖτα
1861 1273 2189 1354 πε’νοντο].

381 1381 451 1445 οἰ
492 1377 552 1445 δ’
607 1380 1018 1463 ἐπελώβευον
1062 1377 1172 1444 καὶ
1217 1377 1607 1462 ἐκερτόμεον
1653 1377 1969 1443 ἐπέεσσιν.

380 1482 508 1552 ὧδε
557 1484 636 1551 δέ
673 1510 772 1561 τις
809 1490 1064 1551 εἴπεσκε
1108 1483 1280 1549 νέων
1325 1483 1937 1570 ὑπερηνορεόντων·

382 1588 464 1675 ,,ἦ
512 1593 685 1676 μάλα
740 1591 1114 1675 Τηλέμαχος
1158 1592 1376 1674 φόνον
1420 1590 1580 1674 ἥμιν
1626 1592 2017 1675 μερμηρίζει.
2291 1608 2395 1656 325

379 1700 421 1781 ἥ
466 1722 649 1775 τινας
693 1696 764 1762 ἐκ
814 1697 1047 1761 Πύλου
1093 1697 1229 1776 ἄξει
1275 1695 1648 1779 ἀμύντορας
1691 1696 2106 1780 ἠμαθόεντος

379 1803 420 1887 ἢ
468 1804 504 1869 ὅ
549 1827 624 1887 γε
669 1802 779 1868 καὶ
824 1802 1258 1887 Σπάρτηθεν,
1306 1801 1453 1867 ἐπεί
1490 1801 1576 1866 νύ
1620 1823 1743 1884 περ
1787 1802 1955 1866 ἵεται
1999 1804 2228 1880 αἰνῶς·

379 1907 454 1994 ἠὲ
501 1908 610 1976 καὶ
656 1911 751 1987 εἰς
789 1906 1085 1994 Ἐφύρην
1131 1905 1349 1973 ἐθέλει
1403 1909 1665 1993 πίειραν
1711 1909 2008 1993 ἄρουραν

381 2018 634 2098 ἐλθεῖν,
682 2013 835 2102 ὄφρ’
889 2018 1091 2080 ἔνθεν
1133 2017 1551 2099 θυμοφθόρα
1599 2012 1889 2100 φάρμακ’
1941 2013 2188 2101 ἐνείκῃ,

380 2122 453 2188 ἐν
499 2119 573 2188 δὲ
618 2123 787 2208 βάλῃ
831 2130 1108 2204 κρητῆρι
1153 2118 1264 2184 καὶ
1307 2118 1513 2204 ἡμέας
1556 2122 1806 2197 πάντας
1848 2119 2153 2206 ὀλέσσῃ.“
2288 2138 2395 2188 330

468 2230 665 2305 ἄλλος
712 2226 773 2293 δ’
826 2222 969 2292 αὖτ’
1022 2233 1278 2292 εἴπεσκε
1326 2225 1498 2291 νέων
1542 2225 2154 2310 ὑπερηνορεόντων·

381 2337 523 2417 ,,τίς
568 2332 630 2398 δ’
683 2328 840 2417 οἶδ’,
889 2340 955 2398 εἴ
991 2356 1064 2399 κε
1106 2330 1219 2397 καὶ
1264 2331 1464 2407 αὐτὸς
1510 2332 1631 2395 ἰὼν
1675 2335 1901 2416 κοίλης
1946 2331 2057 2398 ἐπὶ
2100 2334 2260 2417 νηὸς

380 2445 533 2523 τῆλε
580 2442 798 2522 φίλων
842 2437 1164 2520 ἀπόληται
1208 2437 1545 2520 ἀλώμενος
1590 2438 1680 2515 ὥς
1722 2459 1844 2522 περ
1885 2436 2264 2517 Ὀδυσσεύς;
2322 2425 2342 2443 ’

380 2546 552 2611 οὕτω
598 2568 713 2611 κεν
756 2542 868 2609 καὶ
912 2549 1165 2628 μᾶλλον
1210 2541 1554 2628 ὀφέλλειεν
1597 2546 1809 2608 πόνον
1855 2545 2086 2628 ἄμμιν·

377 2653 668 2735 κτήματα
711 2649 838 2733 γάρ
883 2672 997 2714 κεν
1042 2650 1256 2715 πάντα
1302 2651 1707 2734 δασαίμεθα,
1754 2651 1929 2715 οἰκία
1976 2649 2037 2715 δ’
2086 2646 2241 2717 αὖτε
2287 2669 2392 2717 335

378 2757 621 2821 τούτου
664 2754 893 2840 μητέρι
941 2756 1171 2838 δοῖμεν
1217 2757 1392 2839 ἔχειν
1437 2753 1544 2838 ἠδ’
1598 2755 1671 2832 ὅς
1714 2779 1814 2832 τις
1858 2755 2143 2822 ὀπυίοι.“

468 2857 557 2939 ὧς
592 2862 760 2947 φάν,
807 2860 844 2927 ὁ
882 2858 943 2926 δ’
987 2860 1341 2946 ὑψόροφον
1376 2861 1684 2946 θάλαμον
1718 2865 2110 2946 κατεβήσετο
2148 2865 2393 2948 πατρὸς

380 2969 615 3054 εὐρύν,
663 2967 779 3032 ὅθι
824 2968 1022 3051 νητὸς
1066 2968 1309 3050 χρυσὸς
1354 2964 1465 3031 καὶ
1508 2966 1748 3051 χαλκὸς
1791 2969 1998 3033 ἔκειτο

378 3075 584 3156 ἐσθής
627 3070 685 3139 τ’
738 3072 812 3139 ἐν
855 3077 1159 3158 χηλοῖσιν
1187 3073 1359 3149 ’ἅλις
1401 3070 1459 3137 τ’
1513 3071 1755 3151 ἐυῶδες
1798 3076 2041 3140 ἔλαιον.

380 3180 453 3246 ἐν
500 3177 572 3243 δὲ
618 3183 812 3244 πίθοι
858 3185 1071 3244 οἴνοιο
1115 3184 1402 3244 παλαιοῦ
1447 3178 1807 3262 ἡδυπότοιο
2284 3197 2390 3245 340

375 3286 661 3352 ἕστασαν
713 3287 1001 3370 ἄκρητον
1043 3290 1239 3349 θεῖον
1283 3287 1490 3350 ποτὸν
1535 3284 1719 3362 ἐντὸς
1763 3288 2021 3370 ἔχοντες

375 3391 581 3477 ἑξείης
624 3389 774 3456 ποτὶ
818 3402 1045 3477 τοῖχον
1089 3391 1434 3476 ἀρηρότες,
1481 3397 1549 3457 εἴ
1576 3373 1728 3457 ’ποτ’
1775 3389 2124 3468 Ὀδυσσεὺς

377 3500 601 3565 οἴκαδε
645 3500 986 3581 νοστήσειε
1031 3494 1143 3563 καὶ
1186 3499 1390 3581 ἄλγεα
1433 3499 1646 3563 πολλὰ
1690 3499 1998 3582 μογήσας.
