2646 3932
350 229 477 295 108
1099 230 1514 282 ΟΔΤΣΣΕῙΑΣ
1550 231 1620 282 Η.

347 372 754 458 ἀνθρώπων,
799 375 1016 437 τοῖσίν
1058 395 1176 437 κεν
1221 370 1295 437 έν
1341 372 1610 454 ἄλγεσιν
1648 372 2033 455 ἰσωσαίμην.

345 476 456 544 καὶ
501 472 564 544 δ’
614 480 710 544 ἔτι
754 501 871 550 κεν
913 476 1025 544 καὶ
1068 482 1323 562 μᾶλλον
1370 476 1497 560 ἐγὼ
1542 477 1710 542 κακὰ
1753 479 2217 562 μυθησαίμην,

348 585 514 650 ὅσσα
557 607 632 668 γε
677 584 761 667 δὴ
809 582 1149 668 ξύμπαντα
1191 588 1377 648 θεῶν
1424 583 1633 666 ἰότητι
1678 584 1953 667 μόγησα.

340 684 491 756 ἀλλ’
544 686 654 773 ἐμὲ
698 686 821 775 μὲν
866 690 1196 775 δορπῆσαι
1242 687 1475 754 ἐάσατε
1519 688 1892 772 κηδόμενόν
1936 710 2076 774 περ.
2258 706 2362 754 215

349 797 431 862 οὐ
475 796 601 881 γάρ
647 818 710 860 τι
756 802 1040 879 στυγερῇ
1087 791 1193 858 ἐπὶ
1239 791 1506 878 γαστέρι
1551 792 1874 877 κύντερον
1920 794 2081 858 ἄλλο

349 906 608 985 ἔπλετο,
654 902 696 985 ἥ
741 895 799 966 τ’
852 898 1151 966 ἐκέλευσε
1196 897 1266 964 ἕο
1312 901 1699 983 μνήσασθαι
1746 897 2001 984 ἀνάγκῃ

348 1007 458 1075 καὶ
502 1008 676 1093 μάλα
720 1009 1103 1093 τειρόμενον
1146 1002 1258 1071 καὶ
1303 1003 1405 1071 ἐνὶ
1450 1002 1649 1089 φρεσὶ
1692 1002 1942 1082 πένθος
1986 1007 2247 1090 ἔχοντα,

351 1116 439 1192 ὡς
481 1112 593 1180 καὶ
639 1113 765 1197 ἐγὼ
812 1110 1062 1189 πένθος
1106 1107 1228 1196 μὲν
1275 1114 1400 1196 ἔχω
1448 1112 1719 1196 φρεσίν,
1764 1109 1806 1193 ἡ
1855 1106 1929 1177 δὲ
1973 1107 2126 1195 μάλ’
2179 1111 2308 1177 αἰεὶ

351 1219 700 1304 ἐσθέμεναι
744 1217 999 1285 κέλεται
1043 1216 1156 1284 καὶ
1200 1215 1502 1302 πινέμεν,
1550 1215 1622 1282 ἐκ
1667 1215 1748 1282 δέ
1786 1240 1867 1301 με
1910 1217 2179 1283 πάντων
2260 1236 2363 1284 220

351 1328 660 1412 ληθάνει,
707 1320 851 1392 ὅσσ’
904 1327 1190 1407 ἔπαθον,
1236 1322 1348 1390 καὶ
1394 1322 1878 1407 ἐνιπλησθῆναι
1926 1321 2185 1407 ἀνώγει.

349 1435 538 1519 ὑμεῖς
583 1427 643 1497 δ’
696 1431 1098 1517 ὀτρύνεσθαι
1143 1424 1254 1514 ἅμ’
1304 1429 1423 1512 ἠοῖ
1462 1427 1989 1513 φαινομένηφιν,

351 1541 440 1617 ὥς
483 1536 544 1604 κ’
597 1533 708 1622 ἐμὲ
751 1537 870 1602 τὸν
915 1536 1250 1620 δύστηνον
1295 1534 1453 1619 ἐμῆς
1498 1534 1838 1619 ἐπιβήσετε
1884 1535 2134 1620 πάτρης

349 1649 467 1712 καί
504 1666 627 1729 περ
672 1644 885 1709 πολλὰ
928 1645 1261 1720 παθόντα·
1310 1643 1541 1707 ἰδόντα
1585 1665 1666 1726 με
1709 1639 1822 1707 καὶ
1868 1645 2048 1708 λίποι
2095 1643 2261 1708 αἰὼν

351 1760 584 1834 κτῆσιν
629 1749 821 1834 ἐμήν,
868 1748 1091 1832 δμῶάς
1135 1770 1203 1812 τε
1250 1745 1361 1813 καὶ
1405 1743 1732 1832 ὑψερεφὲς
1768 1746 1935 1832 μέγα
1972 1750 2221 1833 δῶμα.“
2261 1767 2365 1814 225

442 1851 530 1934 ὧς
575 1853 775 1941 ἔφαθ’
794 1903 814 1939 ,
861 1854 932 1920 οί
973 1852 1034 1919 δ’
1087 1854 1214 1939 ἄρα
1258 1854 1499 1930 πάντες
1544 1852 1824 1939 ἐπῄνεον
1868 1850 1988 1937 ἠδὲ
2032 1853 2305 1920 κέλευον

351 1960 752 2048 πεμπέμεναι
796 1961 915 2027 τὸν
960 1959 1201 2043 ξεῖνον,
1250 1957 1390 2025 ἐπεὶ
1434 1959 1598 2024 κατὰ
1643 1971 1886 2046 μοῖραν
1931 1962 2161 2027 ἔειπεν.

353 2070 559 2154 αὐτὰρ
606 2066 745 2133 ἐπεὶ
790 2068 1070 2133 σπεῖσάν
1113 2089 1182 2131 τε
1228 2068 1386 2130 πιόν
1428 2058 1502 2130 θ’
1519 2112 1539 2148 ,
1585 2065 1749 2131 ὅσον
1792 2066 1994 2148 ἤθελε
2038 2071 2286 2153 θυμός,

353 2176 423 2241 οἱ
462 2171 583 2259 μὲν
628 2175 1041 2247 κακκείοντες
1085 2173 1247 2255 ἔβαν
1292 2171 1555 2235 οίκόνδε
1601 2168 1905 2255 ἕκαστος,

353 2281 561 2365 αὐτὰρ
609 2279 644 2345 ὁ
691 2277 765 2344 ἐν
809 2276 1070 2364 μεγάρω
1115 2275 1499 2341 ὑπελείπετο
1547 2276 1691 2353 δῖος
1731 2273 2108 2362 Ὀδυσσεύς,
2262 2296 2368 2345 230

351 2389 485 2472 πὰρ
532 2384 610 2451 δέ
651 2383 722 2450 οί
756 2380 990 2467 Ἀρήτη
1035 2403 1105 2445 τε
1149 2377 1262 2445 καὶ
1300 2377 1635 2457 Ἀλκίνοος
1678 2382 1985 2464 θεοειδὴς

353 2494 603 2575 ἥσθην·
649 2489 1015 2574 ἀμφίπολοι
1061 2484 1123 2551 δ’
1176 2485 1585 2570 ἀπεκόσμεον
1630 2488 1818 2552 ἔντεα
1863 2488 2101 2567 δαιτός.

352 2609 570 2663 τοῖσιν
614 2590 678 2660 δ’
723 2589 957 2679 ’Λρήτη
1004 2591 1408 2668 λευκώλενος
1451 2592 1685 2677 ἤρχετο
1731 2593 1998 2676 μύθων·

353 2706 522 2787 ἔγνω
569 2701 695 2786 γὰρ
743 2700 959 2784 φᾶρός
1002 2720 1071 2763 τε
1117 2699 1363 2782 χιτῶνά
1407 2720 1476 2762 τε
1524 2692 1733 2781 εἵματ’
1787 2699 2024 2764 ἰδοῦσα

353 2809 543 2890 καλά,
588 2807 670 2871 τά
715 2802 776 2891 ῤ’
830 2804 995 2887 αὐτὴ
1033 2804 1214 2883 τεῦξε
1253 2807 1381 2869 σὺν
1418 2803 1851 2887 ἀμφιπόλοισι
1887 2806 2218 2888 γυναιξίν·
2264 2825 2369 2875 235

354 2917 471 2980 καί
508 2936 625 2997 μιν
669 2908 1013 2996 φωνήσασ’
1067 2913 1223 2975 ἔπεα
1268 2912 1625 2995 πτερόεντα
1670 2913 2044 2995 προσηύδα·

356 3021 601 3104 ,,ξεΐνε,
647 3017 722 3082 τὸ
768 3014 892 3101 μέν
937 3033 1011 3080 σε
1056 3026 1322 3100 πρῶτον
1369 3014 1541 3098 ἐγὼν
1588 3016 1934 3100 εἰρήσομαι
1981 3017 2175 3103 αὐτή·

354 3128 483 3209 τίς,
530 3126 746 3189 πόθεν
792 3123 888 3198 εἰς
932 3120 1229 3206 ἀνδρῶν;
1277 3124 1377 3197 τίς
1420 3143 1525 3186 τοι
1569 3121 1725 3185 τάδε
1772 3119 1979 3206 εἵματ’
2032 3124 2304 3203 ἔδωκεν;

357 3232 438 3297 οὐ
485 3231 568 3314 δὴ
616 3238 749 3314 φῆς
794 3225 901 3294 ἐπὶ
945 3230 1194 3293 πόντον
1241 3226 1579 3310 ἀλώμενος
1623 3222 1856 3292 ἐνθάδ’
1909 3225 2246 3308 ίκέσθαιςίί

435 3338 559 3421 τὴν
574 3334 636 3401 δ’
659 3335 1181 3419 ἀπαμειβόμενος
1193 3331 1496 3418 προσέφη
1512 3331 2231 3417 πολύμητιςὈδυσσεύς
2242 3356 2257 3371 ·
2268 3353 2373 3403 240

355 3441 756 3529 ,,ἀργαλέον,
801 3443 1132 3525 βασίλεια,
1181 3438 1533 3524 διηνεκέως
1580 3439 1966 3524 ἀγορεῦσαι,

355 3546 534 3632 κήδε’
591 3548 738 3613 ἐπεί
775 3571 886 3632 μοι
932 3548 1144 3612 πολλὰ
1192 3548 1402 3613 δόσαν
1444 3544 1598 3612 θεοὶ
1647 3546 2094 3633 Οὐρανίωνες·
