2646 3932
377 179 462 244 98
1141 181 1556 233 οΔΤΣΣΕῙΑΣ
1592 182 1648 234 Ζ.

379 323 461 387 οὐ
507 323 776 388 πάντων
821 321 1044 407 ἀέκητι
1087 329 1302 406 θεῶν,
1351 326 1423 388 οἳ
1443 320 1786 406 Ὄλυμπον
1831 324 2128 407 ἔχουσιν,
2301 340 2405 389 240

383 425 738 512 Φαιήκεσσ’
791 422 892 493 ὅδ’
944 428 1112 513 ἀνὴρ
1160 427 1566 513 ἐπιμίσγεται
1617 427 2059 493 ἀντιθέοισιν·

377 536 681 617 πρόσθεν
725 531 848 619 μὲν
892 535 1019 620 γὰρ
1066 536 1151 619 δή
1198 558 1311 619 μοι
1358 532 1677 611 ἀεικέλιος
1723 528 1900 600 δέατ’
1952 529 2155 617 εἶναι,

376 648 506 704 νῦν
552 635 627 704 δὲ
669 645 934 705 θεοῖσιν
979 642 1184 723 ἔοικε,
1230 638 1336 705 τοὶ
1382 640 1675 726 οὐρανὸν
1720 640 1927 724 εὐρὺν
1972 643 2257 725 ἔχουσιν.

379 744 452 808 αἲ
491 744 618 829 γὰρ
666 743 813 828 ἐμοὶ
856 744 1117 809 τοιόσδε
1163 747 1357 821 πόσις
1400 743 1798 829 κεκλημένος
1841 751 1942 829 εἴη

378 848 624 915 ἐνθάδε
667 852 1027 933 ναιετάων,
1073 852 1191 914 καί
1230 849 1302 914 οἰ
1341 850 1495 915 ἅδοι
1540 850 1781 915 αὐτόθι
1827 852 2110 936 μίμνειν.
2301 868 2403 917 245

379 955 545 1021 ἀλλὰ
593 950 759 1039 δότ’,
807 956 1204 1040 ἀμφίπολοι,
1251 956 1442 1044 ξείνῳ
1488 958 1742 1041 βρῶσίν
1786 979 1855 1021 τε
1901 959 2102 1022 πόσιν
2145 958 2278 1022 τε.“

467 1056 557 1140 ὧς
594 1057 824 1146 ἔφαθ’,
861 1063 936 1128 αἱ
961 1057 1024 1128 δ’
1059 1064 1188 1148 ἄρα
1213 1071 1330 1144 τῆς
1356 1063 1532 1146 μάλα
1559 1058 1681 1147 μὲν
1706 1063 1915 1127 κλύον
1942 1059 2060 1146 ἠδὲ
2087 1066 2403 1145 πίθοντο,

376 1167 510 1252 πὰρ
558 1161 620 1232 δ’
674 1165 780 1252 ἄρ’
825 1161 1134 1250 Ὀδυσσῆι
1180 1169 1427 1232 ἔθεσαν
1472 1169 1725 1252 βρῶσίν
1768 1190 1839 1232 τε
1884 1170 2084 1233 πόσιν
2128 1192 2216 1234 τε.

377 1267 418 1355 ἦ
464 1295 568 1338 τοι
614 1271 650 1338 ὁ
697 1282 845 1338 πῖνε
890 1271 1002 1338 καὶ
1046 1268 1217 1356 ἦσθε
1262 1273 1593 1349 πολύτλας
1638 1273 1680 1336 δ
1683 1283 1783 1349 ἴος
1823 1267 2175 1352 Ὀδυσσεὺς

379 1377 744 1464 ἁρπαλέως·
792 1379 1001 1463 δηρὸν
1045 1381 1170 1464 γὰρ
1214 1377 1496 1461 ,ἐδητύος
1539 1373 1658 1459 ἦεν
1704 1379 2024 1456 ἄπαστος·
2298 1396 2403 1445 250

378 1484 588 1569 αὐτὰρ
636 1485 991 1549 Ναυσικάα
1035 1485 1442 1560 λευκώλενος
1488 1478 1633 1549 ἀλλ’
1686 1483 1977 1567 ἐνόησεν.

377 1585 587 1674 εἵματ’
639 1590 768 1674 ἄρα
811 1588 1107 1667 πτύξασα
1149 1592 1328 1654 τίθει
1370 1594 1574 1671 καλῆς
1619 1583 1719 1655 ἐπ’
1772 1588 2056 1673 ἀπήνης,

380 1695 599 1775 ζεῦξεν
643 1690 707 1760 δ’
756 1695 1076 1780 ἡμιόνους
1119 1696 1652 1780 κρατερώνυχας,
1699 1694 1784 1760 ἂν
1830 1691 1891 1761 δ’
1943 1699 2059 1780 ἔβη
2108 1697 2304 1780 αὐτή,

379 1801 674 1884 ὤτρυνεν
720 1794 784 1864 δ’
831 1794 1143 1882 Ὀδυσῆα,
1192 1802 1348 1876 ἔπος
1391 1794 1451 1864 τ’
1503 1794 1690 1884 ἔφατ’
1741 1802 1813 1865 ἔκ
1858 1796 1917 1865 τ’
1969 1800 2312 1887 ὀνόμαζεν·

380 1907 620 1992 ,,ὄρσεο
669 1906 751 1990 δὴ
796 1914 956 1989 νῦν,
1006 1904 1208 1989 ξεῖνε,
1254 1901 1516 1971 πόλινδ’
1570 1911 1750 1990 ἴμεν,
1798 1907 1978 1991 ὄφρα
2022 1922 2095 1972 σε
2140 1905 2372 1992 πέμψω

378 2015 622 2098 πατρὸς
667 2012 831 2096 ἐμοῦ
876 2013 1041 2097 πρὸς
1086 2013 1274 2096 δῶμα
1320 2013 1716 2096 δαΐφρονος,
1764 2015 1932 2077 ἔνθα
1969 2012 2049 2078 σέ
2080 2037 2250 2097 φημι
2295 2031 2400 2081 266

379 2120 649 2183 πάντων
699 2120 1012 2201 Φαιήκων
1058 2116 1403 2201 εἰδησέμεν
1448 2118 1640 2183 ὅσσοι
1685 2119 1957 2202 ἄριστοι.

379 2224 546 2290 ἀλλὰ
591 2218 743 2308 μάλ’
795 2218 914 2288 ὧδ’
967 2224 1218 2308 ἔρδειν,
1266 2222 1518 2300 δοκέεις
1562 2221 1643 2289 δέ
1681 2247 1795 2308 μοι
1831 2224 1954 2289 οὐκ
1992 2224 2397 2291 ἀπινύσσειν.

381 2323 537 2415 ὄφρ’
588 2327 673 2394 ἀν
718 2327 841 2413 μέν
885 2322 946 2394 κ’
998 2328 1245 2413 ἀγροὺς
1291 2333 1479 2412 ἴομεν
1522 2326 1634 2393 καὶ
1680 2324 1817 2414 ἔργ’
1868 2329 2274 2415 ἀνθρώπων,

379 2436 598 2519 τόφρα
643 2436 770 2498 σὺν
815 2433 1250 2518 ἀμφιπόλοισι
1297 2429 1451 2517 μεθ’
1493 2434 1813 2518 ἡμιόνους
1847 2434 1958 2500 καὶ
1995 2436 2250 2520 ἅμαξαν
2295 2455 2400 2504 260

379 2543 799 2624 καρπαλίμως
845 2542 1185 2625 ἔρχεσθαι·
1233 2538 1361 2621 ἐγὼ
1410 2534 1470 2604 δ’
1523 2539 1685 2606 ὁδὸν
1727 2539 2167 2624 ἡγεμονεύσω.

380 2647 588 2732 αὐτὰρ
633 2645 798 2729 ἐπὴν
842 2648 1071 2723 πόλιος
1117 2644 1521 2729 ἐπιβείομεν,
1566 2646 1653 2729 ἣν
1696 2646 1846 2732 πέρι
1890 2649 2143 2732 πύργος

378 2752 662 2835 ὑψηλός,
707 2754 906 2829 καλὸς
951 2748 1027 2818 δὲ
1072 2753 1270 2835 λιμὴν
1316 2750 1628 2836 ἑκάτερθε
1673 2756 1948 2836 πόληος,

378 2857 578 2941 λεπτὴ
625 2851 689 2921 δ’
741 2858 1038 2941 εἰσίθμη·
1082 2864 1237 2939 νῆες
1280 2851 1344 2922 δ’
1396 2856 1558 2922 ὁδὸν
1603 2857 2029 2942 ἀμφιέλισσαι

378 2962 702 3047 εἰρύαται·
747 2970 951 3027 πᾶσιν
995 2963 1122 3046 γὰρ
1168 2961 1463 3027 ἐπίστιόν
1508 2961 1689 3027 ἐστιν
1736 2962 1999 3052 ἑκάστω.
2296 2982 2399 3033 265

379 3070 547 3133 ἔνθα
595 3065 675 3131 δέ
713 3065 790 3133 τέ
830 3061 946 3151 σφ’
999 3066 1205 3152 ἀγορὴ
1261 3069 1468 3132 καλὸν
1512 3068 1866 3150 ποσιδήιον
1912 3068 2146 3153 ἀμφίς,

379 3172 681 3259 ῥυτοῖσιν
725 3174 952 3239 λάεσσι
996 3168 1474 3257 κατωρυχέεσσ’
1526 3172 1828 3259 ἀραρυῖα.

380 3281 550 3345 ἔνθα
596 3273 670 3343 δὲ
713 3290 896 3362 νηῶν
941 3277 1111 3343 ὅπλα
1156 3278 1532 3361 μελαινάων
1578 3276 1964 3362 ἀλέγουσιν,

379 3387 702 3470 πείσματα
746 3383 858 3450 καὶ
904 3395 1169 3469 σπεῖρα,
1215 3381 1327 3449 καὶ
1373 3382 1825 3462 ἀποξύνουσιν
1872 3384 2122 3469 ἐρετμά.

382 3492 464 3556 οὐ
509 3492 636 3576 γὰρ
688 3493 1049 3574 Φαιήκεσσι
1096 3488 1276 3574 μέλει
1320 3490 1466 3572 βιὸς
1512 3484 1672 3554 οὐδὲ
1718 3489 2042 3576 φαρέτρη,
2291 3504 2398 3556 2⁷0
