2646 3932
947 194 1363 245 οΔΤΣΣΕῙΑΣ
1399 194 1495 247 XI.
2142 191 2265 256 187

244 332 402 400 οὐδὲ
446 335 682 401 θανὼν
727 338 1051 418 λήσεσθαι
1097 333 1243 418 ἐμοὶ
1287 337 1493 420 χόλου
1539 337 1758 402 εἵνεκα
1801 335 2086 421 τευχέων

244 439 653 524 οὐλομένων;
700 442 782 505 τὰ
827 436 900 505 δὲ
945 448 1129 524 πῆμα
1170 439 1326 507 θεοὶ
1368 441 1585 507 θέσαν
1623 440 2034 528 Ἀργείοισιν.
2164 457 2267 506 555

242 556 422 622 τοῖος
465 547 593 631 γάρ
639 561 805 629 σφιν
848 546 1102 632 πύργος
1149 545 1437 612 ἀπώλεο·
1483 557 1624 613 σεῖο
1671 541 1733 612 δ’
1778 544 2026 632 Ἀχαιοὶ

246 648 394 717 ἶσον
435 649 772 735 Ἀχιλλῆος
815 655 1070 736 κεφαλῇ
1119 654 1513 736 Πηληιάδαο

245 757 589 842 ἀχνύμεθα
635 756 996 841 φθιμένοιο
1045 757 1414 845 διαμπερές.
1490 757 1656 824 οὐδέ
1692 782 1793 837 τις
1838 760 2036 837 ἄλλος

245 869 488 946 αἴτιος,
535 862 701 928 ἀλλὰ
750 865 916 939 Ζεὺς
961 868 1253 929 Δαναῶν
1299 865 1582 950 στρατὸν
1627 866 2005 949 αἰχμητάων

246 968 586 1053 ἐκπάγλως
629 970 914 1054 ἤχθηρε,
958 970 1098 1034 τεῒν
1145 963 1206 1033 δ’
1257 967 1365 1034 ἐπὶ
1410 982 1653 1055 μοῖραν
1697 973 1957 1054 ἔθηκεν.
2159 985 2263 1036 550

244 1073 387 1140 ἀλλ’
441 1076 558 1157 ἄγε
605 1075 837 1159 δεῦρο,
885 1073 1079 1157 ἄναξ,
1126 1069 1216 1140 ἵν’
1267 1077 1423 1152 ἔπος
1465 1073 1578 1140 καὶ
1622 1081 1847 1159 μῦθον
1893 1074 2181 1160 ἀκούσῃς

242 1180 590 1268 ἡμέτερον·
638 1182 938 1264 δάμασον
984 1177 1058 1247 δὲ
1103 1178 1302 1265 μένος
1346 1179 1458 1246 καὶ
1504 1181 1798 1266 ἀγήνορα
1840 1183 2106 1266 θυμόνέ

335 1282 424 1364 ὧς
460 1285 745 1371 ἐφάμην,
783 1285 820 1352 ὁ
859 1284 939 1351 δέ
969 1284 1036 1370 μ’
1081 1283 1283 1352 οὐδὲν
1311 1285 1637 1372 ἀμείβετο,
1674 1289 1759 1370 βῆ
1791 1283 1863 1352 δὲ
1891 1285 2029 1372 μετ’
2066 1289 2268 1364 ἄλλας

243 1394 458 1477 ψυχὰς
503 1395 598 1468 εἰς
643 1394 870 1477 ἔρεβος
912 1392 1171 1458 νεκύων
1213 1394 1795 1477 κατατεθνηώτων.

245 1500 413 1564 ἔνθα
439 1496 500 1582 χ’
537 1498 713 1582 ὅμως
740 1495 1042 1583 προσέφη
1079 1496 1548 1582 κεχολωμένος,
1582 1499 1627 1582 ἤ
1661 1522 1778 1564 κεν
1813 1497 1941 1580 ἐγὼ
1977 1501 2124 1563 τόν·
2161 1515 2264 1565 565

245 1603 411 1669 ἀλλά
456 1627 569 1688 μοι
613 1605 816 1687 ἤθελε
859 1605 1079 1687 θυμὸς
1125 1601 1226 1669 ένὶ
1272 1606 1593 1688 στήθεσσι
1639 1608 1938 1689 φίλοισιν

243 1721 377 1777 τῶν
424 1712 644 1775 ἄλλων
689 1711 902 1795 ψυχὰς
951 1709 1153 1775 ἰδέειν
1198 1711 1779 1796 κατατεθνηώτων.

332 1814 479 1882 ἔνθ’
532 1811 573 1899 ἦ
619 1841 725 1882 τοι
770 1820 1016 1883 Μίνωα
1063 1818 1244 1899 ἴδον,
1290 1818 1459 1894 Διὸς
1504 1815 1755 1899 ἀγλαὸν
1799 1817 1983 1899 υἱόν,

243 1923 529 2008 χρύσεον
576 1932 909 2011 σκῆπτρον
954 1926 1187 2009 ἔχοντα
1232 1923 1713 2008 θεμιστεύοντα
1756 1923 2099 2006 νέκυσσιν,

244 2030 523 2113 ἥμενον,
570 2030 642 2095 οἰ
682 2029 762 2095 δέ
801 2054 918 2115 μιν
963 2029 1135 2115 ἀμφὶ
1183 2031 1371 2107 δίκας
1415 2035 1675 2114 εἴροντο
1722 2029 1969 2094 ἄνακτα
2163 2044 2267 2093 570

245 2135 479 2218 ἥμενοι
524 2134 822 2214 ἑσταότες
863 2160 934 2202 τε
988 2134 1128 2201 κατ’
1182 2132 1549 2221 εὐρυπυλὲς
1576 2134 1803 2213 ’Ἀιδος
1849 2136 1961 2200 δῶ.

335 2242 452 2306 τὸν
500 2236 574 2305 δὲ
618 2239 757 2326 μετ’
803 2237 1086 2327 Ὠρίωνα
1130 2243 1461 2327 πελώριον
1506 2243 1851 2325 εἰσενόησα
1946 2291 1951 2296 .

246 2351 465 2430 θῆρας
511 2345 681 2430 ὁμοῦ
726 2350 1026 2413 εἰλεῦντα
1070 2345 1213 2414 κατ’
1268 2347 1647 2432 ἀσφοδελὸν
1693 2351 2008 2432 λειμῶνα,

246 2454 403 2528 τοὺς
448 2451 646 2528 αὐτὸς
689 2452 1097 2538 κατέπεφνεν
1142 2452 1218 2518 ἐν
1263 2456 1674 2520 οἰοπόλοισιν
1722 2455 1990 2538 ὄρεσσιν

244 2555 474 2643 χερσὶν
518 2560 687 2641 ἔχων
733 2559 1027 2643 ῥόπαλον
1080 2560 1518 2644 παγχάλκεον,
1564 2556 1708 2625 αἰὲν
1754 2557 1966 2642 ἀαγές.
2166 2576 2267 2625 575

334 2660 445 2728 καὶ
499 2664 743 2729 Τιτυὸν
789 2658 1006 2747 εἶδον,
1054 2667 1258 2748 Γαίης
1303 2664 1642 2750 ἐρικυδέος
1686 2665 1869 2748 υἱόν,

244 2772 553 2853 κείμενον
598 2767 672 2834 ἐν
720 2768 1013 2857 δαπέδῳ,
1059 2769 1096 2836 ὁ
1144 2765 1204 2835 δ’
1257 2764 1357 2836 ἐπ’
1410 2769 1603 2835 ἐννέα
1647 2780 1823 2836 κεῖτο
1869 2768 2188 2855 πέλεθρα·

244 2884 412 2958 γῦπε
459 2874 538 2941 δέ
577 2899 694 2960 μιν
739 2872 1050 2960 ἑκάτερθε
1094 2873 1449 2960 παρημένω
1494 2870 1670 2961 ἧπαρ
1718 2878 1973 2961 ἔκειρον

248 2979 528 3066 δέρτρον
574 2984 702 3047 ἔσω
751 2982 1096 3064 δύνοντες,
1143 2980 1180 3047 ὁ
1228 2979 1291 3046 δ’
1346 2980 1469 3047 οὐκ
1514 2981 1890 3067 ἀπαμύνετο
1935 2986 2190 3068 χερσίν·

247 3087 443 3170 Λητὼ
493 3087 620 3172 γὰρ
665 3088 944 3171 ἤλκησε,
990 3088 1157 3164 Διὸς
1201 3087 1458 3172 κυδρὴν
1501 3089 1922 3174 παράκοιτιν,
2165 3104 2268 3153 580

250 3189 533 3256 Πυθώδ’
587 3190 949 3278 ἐρχομένην
996 3193 1108 3257 διὰ
1152 3194 1552 3278 καλλιχόρου
1598 3197 1975 3276 Πανοπῆος.

339 3294 451 3362 καὶ
496 3297 628 3380 μὴν
681 3298 1021 3364 Τάνταλον
1068 3299 1358 3363 εἰσεῖδον
1402 3293 1664 3384 κρατέρ’
1715 3296 1894 3380 ἄλγε’
1946 3301 2181 3384 ἔχοντα

253 3396 514 3467 ἑστεῶτ’
563 3400 637 3467 ἐν
683 3404 909 3488 λίμνῃ·
953 3403 995 3487 ἡ
1044 3400 1117 3469 δὲ
1162 3402 1566 3488 προσέπλαζε
1610 3407 1871 3493 γενείφ·

253 3515 486 3572 στεῦτο
535 3503 608 3572 δὲ
657 3508 948 3591 διψάων,
993 3507 1203 3575 πιέειν
1250 3505 1312 3574 δ’
1366 3508 1489 3574 οὐκ
1532 3503 1708 3593 εἶχεν
1751 3506 2047 3575 ἑλέσθαν
