2646 3932
991 186 1409 238 οΔΤΣΣΕῙΑΣ
1445 188 1539 239 xl„
2146 187 2270 252 169

847 423 1521 501 ΟΔΤΣΣΕΙΑΣ
1572 425 1674 502 Λ.

1071 694 1433 762 Νέκυια.

337 855 546 943 αὐτὰρ
591 855 739 922 ἐπεί
778 851 839 943 ῤ’
892 854 999 921 ἐπὶ
1042 865 1172 941 νῆα
1215 860 1639 941 κατήλθομεν
1682 853 1801 939 ἠδὲ
1845 856 2228 937 θάλασσαν,

246 969 377 1044 νῆα
421 958 543 1046 μὲν
587 960 671 1048 ἂρ
717 962 1122 1046 πάμπρωτον
1166 962 1540 1048 ἐρύσσαμεν
1584 963 1678 1038 εἰς
1723 962 1849 1027 ἅλα
1897 963 2079 1044 δῖαν,

251 1065 326 1131 ἐν
372 1061 436 1131 δ’
489 1067 677 1132 ἱστὸν
719 1065 1090 1152 τιθέμεσθα
1133 1066 1245 1133 καὶ
1291 1068 1468 1133 ἱστία
1511 1065 1625 1151 νηὶ
1669 1069 1977 1152 μελαίνῃ,

248 1171 323 1237 ἐν
370 1168 443 1238 δὲ
486 1173 568 1237 τὰ
613 1178 787 1257 μῆλα
833 1175 1147 1257 λαβόντες
1193 1173 1552 1259 ἐβήσαμεν,
1599 1172 1684 1238 ἂν
1729 1169 1802 1238 δὲ
1846 1172 1957 1238 καὶ
2002 1172 2192 1238 αὐτοὶ

247 1280 568 1362 βαίνομεν
613 1278 972 1363 ἀχνύμενοι
1016 1281 1310 1366 θαλερὸν
1353 1281 1520 1346 κατὰ
1565 1281 1776 1365 δάκρυ
1820 1277 2096 1364 χέοντες.
2238 1297 2274 1344 5

247 1383 408 1467 ἡμῖν
454 1378 517 1448 δ’
569 1379 655 1449 αὖ
700 1387 1063 1451 κατόπισθε
1109 1387 1259 1462 νεὸς
1303 1387 1811 1473 κυανοπρώροιο

250 1495 521 1573 ἴκμενον
567 1485 774 1574 οὖρον
820 1492 906 1556 ἵει
949 1494 1372 1575 πλησίστιον,
1420 1491 1669 1557 ἐσθλὸν
1714 1489 2009 1577 ἑταῖρον,

249 1598 464 1681 Κίρκη
511 1595 950 1682 ἐυπλόκαμος,
999 1598 1184 1680 δεινὴ
1230 1598 1392 1674 θεὸς
1436 1597 1788 1681 αὐδήεσσα.

249 1701 437 1786 ἡμεῖς
483 1695 545 1766 δ’
596 1702 766 1768 ὅπλα
810 1702 1050 1768 ἕκαστα
1093 1705 1545 1787 πονησάμενοι
1588 1705 1753 1768 κατὰ
1797 1711 1928 1787 νῆα

246 1809 496 1893 ἥμεθα·
540 1809 665 1892 τὴν
710 1804 777 1874 δ’
828 1810 1069 1892 ἄνεμός
1112 1832 1183 1874 τε
1227 1811 1635 1895 κυβερνήτης
1677 1803 1737 1872 τ’
1789 1814 2046 1874 ἴθυνεν.
2204 1824 2273 1872 10

246 1922 363 1998 τῆς
410 1909 483 1979 δὲ
529 1915 936 2000 πανημερίης
979 1907 1204 1979 τέταθ’
1257 1912 1433 1978 ἱστία
1477 1913 2037 1997 ποντοπορούσης.

249 2021 488 2086 δύσετό
533 2014 592 2083 τ’
643 2018 861 2102 ἠέλιος
908 2021 1229 2085 σκιόωντό
1273 2042 1345 2084 τε
1390 2029 1595 2085 πᾶσαι
1639 2020 1898 2103 ἀγυιαί,

247 2125 290 2208 ἡ
339 2119 402 2190 δ’
454 2124 522 2201 ἐς
565 2119 832 2209 πείραθ’
883 2125 1068 2190 ἵκανε
1113 2127 1510 2211 βαθυρρόου
1547 2120 1902 2191 Ὠκεανοῖο.

250 2233 419 2295 ἔνθα
466 2227 539 2296 δὲ
584 2232 970 2316 Κιμμερίων
1016 2229 1283 2314 ἀνδρῶν
1331 2233 1538 2316 δῆμός
1582 2254 1651 2296 τε
1697 2234 1885 2308 πόλις
1929 2255 2029 2314 τε,

249 2335 396 2422 ἠέρι
439 2334 551 2401 καὶ
594 2334 841 2422 νεφέλῃ
885 2335 1393 2421 κεκαλυμμένοι·
1440 2335 1605 2402 οὐδέ
1643 2331 1789 2401 ποτ’
1840 2336 2084 2413 αὐτοὺς
2205 2354 2273 2401 15

249 2440 469 2526 ἠέλιος
514 2439 794 2526 φαέθων
837 2441 1303 2528 καταδέρκεται
1350 2442 1756 2525 ἀκτίνεσσιν,

251 2541 406 2613 οὔθ’
459 2542 641 2612 ὁπότ’
693 2546 777 2612 ἂν
823 2551 1115 2633 στείχῃσι
1157 2550 1323 2634 πρὸς
1369 2548 1662 2633 οὐρανὸν
1707 2547 2127 2633 ἀστερόεντα,

251 2648 407 2720 οὔθ’
451 2648 547 2719 ὅτ’
590 2651 676 2718 ἂν
713 2651 807 2731 ἂψ
843 2651 950 2718 ἐπὶ
985 2664 1184 2735 γαῖαν
1220 2648 1334 2719 ἀπ’
1376 2653 1755 2737 οὐρανόθεν
1789 2654 2271 2739 προτράπηται,

250 2755 393 2825 ἀλλ’
445 2757 551 2824 ἐπὶ
593 2759 717 2838 νὺξ
763 2759 922 2842 ὀλοὴ
966 2757 1226 2824 τέταται
1272 2760 1551 2825 δειλοῖσι
1596 2762 1955 2845 βροτοῖσιν.

248 2875 378 2950 νῆα
422 2862 545 2950 μὲν
590 2860 737 2931 ἔνθ’
788 2865 1098 2941 ἐλθόντες
1144 2863 1529 2949 ἐκέλσαμεν,
1577 2864 1650 2930 ἐκ
1696 2861 1768 2930 δὲ
1811 2866 1893 2930 τὰ
1936 2869 2112 2950 μῆλα
2202 2882 2272 2931 20

255 2966 549 3055 εἱλόμεθ’
567 2991 582 3007 ·
628 2968 820 3036 αὐτοὶ
868 2965 930 3036 δ’
980 2965 1137 3035 αὖτε
1182 2971 1359 3054 παρὰ
1405 2969 1568 3056 ῥόον
1606 2965 1943 3036 Ὠκεανοῖο

251 3074 489 3162 ᾔομεν,
536 3070 689 3160 ὄφρ’
741 3074 808 3152 ἐς
850 3086 1072 3162 χῶρον
1117 3071 1502 3161 ἀφικόμεθ’,
1548 3074 1629 3141 δν
1674 3077 1890 3161 φράσε
1936 3079 2167 3161 Κίρκη.

342 3174 492 3245 ἔνθ’
547 3180 759 3264 ἱερήια
803 3177 926 3265 μὲν
974 3183 1359 3266 Περιμήδης
1401 3182 1788 3268 Εὐρύλοχός
1829 3204 1900 3246 τε

253 3290 478 3371 ἔσχον·
524 3284 652 3367 ἐγὼ
699 3280 760 3350 δ’
812 3287 936 3372 ἄορ
983 3287 1101 3366 ὀξὺ
1147 3286 1597 3373 ἐρυσσάμενος
1639 3287 1818 3373 παρὰ
1864 3296 2081 3373 μηροῦ

251 3396 511 3479 βόθρον
556 3385 764 3476 ὄρυξ’,
812 3390 1019 3457 ὅσσον
1060 3415 1131 3457 τε
1176 3393 1550 3475 πυγούσιον
1594 3395 1765 3458 ἔνθα
1806 3391 1918 3458 καὶ
1965 3395 2154 3478 ἔνθα,
2202 3409 2272 3458 25

253 3493 418 3585 ἀμφ’
469 3496 647 3585 αὐτῷ
695 3493 770 3562 δὲ
815 3497 981 3582 χοὴν
1025 3499 1272 3582 χεόμην
1315 3507 1520 3563 πᾶσιν
1562 3498 1941 3581 νεκύεσσιν,
