2646 3932
1045 228 1463 280 οΔΤΣΣΕιΑΣ
1498 229 1571 282 11.
2233 229 2314 294 21

295 370 764 453 Μαστορίδης·
810 369 848 435 ὁ
892 371 1019 454 γὰρ
1066 365 1209 447 οἷος
1253 371 1603 455 ὁμηλικίην
1648 369 1959 440 ἐκέκαστο

297 472 579 557 ὄρνιθας
620 485 874 557 γνῶναι
917 473 1028 541 καὶ
1076 475 1383 562 ἐναίσιμα
1428 479 1895 561 μυθήσασθαι·

297 578 333 643 ὅ
380 594 546 663 σφιν
590 578 668 645 ἐὺ
707 579 1017 666 φρονέων
1064 580 1437 667 ἀγορήσατο
1482 580 1593 648 καὶ
1638 581 2001 666 μετέειπεν·
2218 602 2321 652 100

297 682 609 766 ,,κέκλυτε
657 685 740 770 δὴ
784 694 915 751 νῦν
957 710 1113 770 μευ,
1155 684 1549 772 Ἰθακήσιοι,
1597 688 1735 753 ὄττι
1778 712 1896 755 κεν
1939 696 2134 758 εἴπω·

298 799 708 877 μνηστῆρσιν
755 788 828 857 δὲ
873 794 1153 877 μάλιστα
1199 797 1739 879 πιφαυσκόμενος
1782 795 1938 862 τάδε
1985 803 2169 882 εἴρω·

297 907 512 963 τοῖσιν
555 899 683 983 γὰρ
728 896 897 983 μέγα
939 907 1121 983 πῆμα
1164 901 1571 966 κυλίνδεται·
1616 900 1701 966 οὐ
1744 902 1871 987 γὰρ
1912 899 2267 979 Ὀδυσσεὺς

298 1004 426 1087 δὴν
470 1002 809 1069 ἀπάνευθε
855 1006 1073 1089 φίλων
1118 999 1215 1070 ὧν
1260 1007 1520 1071 ἔσσεται
1529 1053 1549 1089 ,
1596 1005 1764 1073 ἀλλά
1807 1029 1941 1073 που
1984 1009 2114 1093 ἤδη

299 1107 494 1192 ἐγγὺς
540 1109 667 1175 ἐὼν
711 1112 1048 1176 τοῖσδεσσι
1094 1112 1312 1195 φόνον
1355 1109 1467 1177 καὶ
1510 1120 1680 1197 κῆρα
1725 1114 2000 1198 φυτεύει
2218 1132 2318 1182 105

297 1217 683 1282 πάντεσσιν·
728 1214 1002 1282 πολέσιν
1048 1213 1122 1283 δὲ
1166 1215 1276 1283 καὶ
1323 1219 1625 1283 ἄλλοισιν
1668 1219 1873 1284 κακὸν
1919 1222 2131 1303 ἔσται,

300 1324 371 1386 οἳ
408 1320 767 1407 νεμόμεσθ’
814 1320 1084 1407 Ἰθάκην
1128 1322 1483 1390 ἐυδείελον.
1539 1322 1705 1388 ἀλλὰ
1748 1327 1920 1390 πολὺ
1964 1323 2125 1411 πρὶν

300 1422 751 1513 φραζώμεσθ’,
797 1429 887 1506 ὥς
930 1453 1047 1495 κεν
1089 1430 1623 1514 καταπαύσομεν·
1670 1429 1742 1494 οἱ
1782 1426 1855 1496 δὲ
1899 1428 2010 1496 καὶ
2055 1428 2248 1496 αὐτοὶ

299 1531 688 1599 παυέσθων·
730 1532 844 1600 καὶ
886 1536 1014 1620 γάρ
1060 1552 1226 1619 σφιν
1267 1536 1452 1620 ἄφαρ
1496 1535 1649 1600 τόδε
1695 1536 1899 1602 λώιόν
1944 1536 2140 1602 ἐστιν.

299 1640 384 1703 οὐ
429 1641 556 1726 γὰρ
602 1640 950 1726 ἀπείρητος
993 1643 1431 1725 μαντεύομαι,
1478 1638 1621 1705 ἀλλ’
1675 1640 1751 1708 ἐὺ
1797 1644 2019 1720 εἰδώς·
2218 1659 2319 1708 170

301 1744 410 1810 καὶ
454 1747 580 1831 γὰρ
625 1750 821 1836 κείνῳ
868 1746 1040 1833 φημὶ
1083 1752 1561 1830 τελευτηθῆναι
1607 1748 1893 1831 ἅπαντα,

302 1852 392 1929 ὥς
434 1852 506 1918 οἱ
546 1851 954 1938 ἐμυθεόμην,
1002 1854 1109 1919 ὅτε
1137 1852 1347 1918 Ἴλιον
1392 1851 1853 1937 εἰσανέβαινον

296 1956 610 2046 Ἀργεῖοι,
656 1960 817 2044 μετὰ
863 1957 943 2026 δέ
984 1977 1148 2044 σφιν
1193 1961 1311 2044 ἒβη
1357 1958 1722 2043 πολύμητις
1759 1956 2129 2035 Ὀδυσσεύς.

304 2075 442 2151 φῆν
467 2068 633 2132 κακά
659 2068 872 2132 πολλὰ
897 2063 1209 2148 παθόντ’,
1237 2063 1537 2131 ὀλέσαντ’
1582 2067 1711 2131 ἄπο
1738 2065 1988 2141 πάντας
2021 2062 2321 2149 ἑταίρους

304 2173 646 2255 ἄγνωστον
691 2175 1048 2239 πάντεσσιν
1094 2170 1399 2260 ἐεικοστῷ
1446 2170 1725 2260 ἐνιαυτῷ
2219 2189 2319 2237 175

305 2277 517 2344 οἴκαδ’
570 2279 989 2345 ἐλεύσεσθαι·
1033 2278 1114 2342 τὰ
1160 2273 1234 2342 δὲ
1282 2278 1366 2361 δὴ
1411 2285 1541 2342 νῦν
1583 2277 1799 2342 πάντα
1843 2278 2187 2341 τελεῖται.“

393 2386 512 2450 τὸν
549 2382 611 2449 δ’
658 2378 803 2450 αὖτ’
847 2383 1245 2468 Εὐρύμαχος
1283 2383 1606 2466 Πολύβου
1648 2382 1802 2458 πάις
1848 2379 2077 2447 ἀντίον
2120 2383 2320 2466 ηὔδα·

306 2486 404 2574 ,,ὦ
450 2488 678 2575 γέρον,
724 2491 788 2555 εἰ
830 2486 891 2555 δ’
944 2490 1062 2571 ἄγε
1106 2497 1236 2554 νῦν
1280 2488 1600 2573 μαντεύεο
1646 2497 1825 2552 σοῖσι
1865 2484 2165 2552 τέκεσσιν

307 2593 520 2662 οἴκαδ’
574 2594 727 2676 ἰών,
773 2596 861 2678 μή
906 2594 1039 2660 πού
1081 2617 1147 2658 τι
1190 2595 1397 2659 κακὸν
1441 2593 1782 2678 πάσχωσιν
1827 2591 2109 2659 ὀπίσσω·

306 2711 511 2768 ταῦτα
558 2698 619 2766 δ’
671 2699 798 2782 ἐγὼ
846 2697 958 2765 σέο
1009 2701 1260 2766 πολλὸν
1304 2698 1594 2782 ἀμείνων
1637 2699 2101 2782 μαντεύεσθαι.
2220 2716 2323 2765 180

308 2812 578 2895 ὄρνιθες
623 2804 702 2872 δέ
741 2828 809 2871 τε
853 2803 1091 2870 πολλοὶ
1135 2801 1249 2869 ὑπ’
1301 2804 1510 2886 αὐγὰς
1552 2803 1801 2886 ἠελίοιο

309 2911 613 2999 φοιτῶσ’,
660 2910 824 2978 οὐδέ
862 2934 932 2976 τε
977 2912 1217 2987 πάντες
1262 2909 1619 2994 ἐναίσιμοι·
1666 2909 1873 2995 αὐτὰρ
1914 2907 2266 2988 Ὀδυσσεὺς

309 3023 511 3086 ὤλετο
557 3016 726 3102 τῆλ’,
773 3017 862 3094 ὡς
905 3014 1015 3082 καὶ
1060 3018 1146 3081 σὺ
1190 3018 1653 3100 καταφθίσθαι
1700 3017 1827 3080 σὺν
1875 3013 2101 3104 ἐκείνω

309 3129 585 3212 ὤφελες·
632 3124 755 3189 οὐκ
799 3120 883 3187 ἀν
927 3124 1131 3186 τόσσα
1175 3118 1610 3206 θεοπροπέων
1656 3118 1996 3205 ἀγόρευες,

309 3231 475 3300 οὐδέ
513 3255 583 3297 κε
639 3227 1018 3313 Τηλέμαχον
1064 3225 1519 3311 κεχολωμένον
1563 3220 1679 3291 ὧδ’
1734 3225 2013 3309 ἀνιείης,
2225 3242 2323 3291 185

312 3348 406 3429 σῷ
453 3343 610 3426 οἴκω
657 3338 879 3421 δῶρον
921 3331 1419 3418 ποτιδέγμενος,
1466 3338 1544 3397 αἴ
1579 3355 1652 3398 κε
1695 3333 2005 3417 πόρῃσιν.

313 3442 455 3511 ἀλλ’
508 3447 580 3510 ἐκ
623 3466 727 3509 τοι
772 3440 965 3527 ἐρέω,
1009 3442 1085 3505 τὸ
1133 3435 1206 3505 δὲ
1250 3437 1362 3505 καὶ
1407 3435 1867 3521 τετελεσμένον
1905 3440 2111 3502 ἔσται·

311 3557 392 3617 αἴ
426 3572 498 3616 κε
543 3548 868 3631 νεώτερον
913 3546 1125 3630 ἄνδρα
1170 3545 1415 3610 παλαιά
1460 3567 1528 3610 τε
1575 3542 1787 3608 πολλά
1831 3565 1900 3608 τε
1945 3543 2137 3618 εἰδὼς
