2646 3932
355 217 484 282 144
1110 218 1525 270 οΔΤΣΣΕΙΑΣ
1561 219 1605 268 1.

347 360 458 427 καὶ
483 359 617 427 τότ’
652 360 822 444 ἐγὼν
850 355 1058 426 ἆσσον
1088 358 1298 447 φέρον
1327 359 1399 425 ἐκ
1424 362 1662 446 πυρός,
1691 359 1862 445 ἀμφὶ
1887 357 1948 425 δ’
1982 358 2233 446 ἑταῖροι
2262 377 2367 426 380

347 463 597 532 ἵσταντ’
616 486 632 504 ·
679 467 888 553 αὐτὰρ
931 467 1187 552 θάρσος
1234 464 1630 532 ἐνέπνευσεν
1674 466 1841 551 μέγα
1886 467 2160 550 δαίμων.

349 573 422 638 οἰ
458 568 581 657 μὲν
623 574 872 657 μοχλὸν
919 570 1177 649 ἑλόντες
1221 570 1524 655 ἐλάινον,
1571 572 1732 653 ὀξὺν
1779 569 1880 637 ἐπ’
1933 574 2144 661 ἄκρῳ,

349 678 680 767 ὀφθαλμῷ
727 677 1092 765 ἐνέρεισαν·
1137 677 1265 761 ἐγὼ
1312 674 1376 743 δ’
1431 677 1812 764 ἐφύπερθεν
1857 676 2184 765 ἐρεισθεὶς

350 784 607 868 δίνεον,
653 784 743 861 ὣς
791 784 898 850 ὅτε
943 808 1043 862 τις
1090 792 1316 872 τρυπῷ
1366 785 1533 870 δόρυ
1575 787 1771 869 νήιον
1816 784 1985 870 ἀνὴρ

346 890 691 978 τρυπάνῳ,
738 891 809 955 οἱ
849 887 930 954 δέ
968 885 1026 955 τ’
1079 891 1360 977 ἔνερθεν
1402 890 1880 956 ὑποσσείουσιν
1925 891 2147 975 ἱμάντι
2262 908 2366 956 385

348 993 676 1080 ἁψάμενοι
719 994 1064 1081 ἑκάτερθε,
1108 998 1184 1063 τὸ
1233 993 1307 1063 δὲ
1351 995 1566 1083 τρέχει
1611 992 1883 1082 ἐμμενὲς
1926 999 2072 1063 αἰεί.

349 1096 438 1178 ὥς
481 1110 602 1167 τοῦ
648 1100 723 1167 ἐν
769 1101 1098 1190 ὀφθαλμῷ
1144 1105 1470 1189 πυριήκεα
1513 1104 1763 1188 μοχλὸν
1810 1101 2068 1180 ἑλόντες

350 1205 687 1292 δινέομεν,
732 1209 851 1273 τὸν
899 1204 961 1273 δ’
1013 1200 1174 1293 αἷμα
1221 1212 1524 1296 περίρρεε
1568 1210 1826 1295 θερμὸν
1871 1211 2075 1275 ἰόντα.

347 1313 563 1378 πάντα
610 1311 690 1379 δέ
730 1314 803 1379 οἰ
840 1312 1117 1400 βλέφαρ’
1169 1314 1341 1400 ἀμφὶ
1384 1313 1496 1381 καὶ
1540 1315 1799 1402 ὀφρύας
1843 1310 2037 1381 εὗσεν
2082 1314 2295 1399 ἀυτμὴ

348 1422 595 1504 γλήνης
637 1418 1020 1504 καιομένης,
1067 1431 1531 1508 σφαραγεῦντο
1578 1421 1658 1488 δέ
1698 1422 1770 1488 οἰ
1809 1419 1972 1508 πυρὶ
2018 1421 2205 1507 ῥίζαι.
2261 1439 2367 1488 390

349 1526 439 1604 ὣς
485 1523 546 1591 δ’
600 1522 696 1591 ὅτ’
749 1525 919 1612 ἀνὴρ
963 1530 1245 1612 χαλκεὺς
1289 1526 1573 1593 πέλεκυν
1617 1525 1826 1612 μέγαν
1871 1523 1947 1611 ἠὲ
1992 1525 2367 1614 σκέπαρνον

350 1635 450 1699 εἰν
494 1632 691 1698 ὕδατι
733 1641 966 1721 ψυχρῷ
1012 1635 1229 1718 βάπτῃ
1272 1634 1525 1718 μεγάλα
1571 1634 1842 1719 ἰάχοντα

349 1740 789 1826 φαρμάσσων·
833 1740 909 1805 τὸ
953 1740 1082 1826 γὰρ
1129 1734 1285 1805 αὖτε
1332 1740 1615 1825 σιδήρου
1659 1763 1734 1823 γε
1778 1741 2017 1827 κράτος
2062 1738 2269 1806 ἐστίν·

350 1842 441 1925 ὥς
483 1855 605 1912 τοῦ
651 1843 772 1925 σίζ’
824 1846 1177 1931 ὀφθαλμὸς
1220 1844 1493 1934 ἐλαϊνέῳ
1539 1844 1690 1932 περὶ
1734 1851 1974 1935 μοχλῷ.

351 1952 758 2040 σμερδαλέον
804 1947 877 2019 δὲ
923 1949 1064 2038 μέγ’
1119 1950 1418 2042 ᾤμωξεν,
1462 1951 1614 2039 περὶ
1661 1949 1723 2018 δ’
1777 1959 1918 2039 ἴαχε
1961 1951 2196 2040 πέτρη,
2261 1972 2366 2022 395

350 2060 536 2145 ἡμεῖς
581 2057 656 2126 δὲ
702 2061 1037 2136 δείσαντες
1083 2056 1489 2144 ἀπεσσύμεθ’
1507 2079 1523 2095 ·
1569 2058 1777 2145 αὐτὰρ
1824 2058 1862 2124 ὁ
1907 2061 2158 2144 μοχλὸν

350 2164 602 2254 ἐξέρυσ’
654 2166 1036 2251 ὀφθαλμοῖο
1080 2163 1510 2251 πεφυρμένον
1554 2165 1780 2250 αἵματι
1822 2169 2063 2253 πολλῷ.

348 2274 467 2339 τὸν
512 2268 636 2357 μὲν
678 2269 877 2338 ἔπειτ’
929 2275 1202 2359 ἔρριψεν
1246 2271 1375 2338 ἀπὸ
1419 2269 1492 2337 ἕο
1535 2270 1765 2357 χερσὶν
1810 2271 2064 2357 ἀλύων,

350 2379 560 2466 αὐτὰρ
605 2378 643 2444 ὁ
689 2379 1057 2455 Κύκλωπας
1102 2374 1330 2462 μεγάλ’
1382 2377 1624 2461 ἤπυεν,
1670 2378 1742 2443 οἳ
1783 2377 1865 2463 ῥά
1910 2402 2026 2462 μιν
2072 2377 2279 2465 ἀμφὶς

351 2485 561 2573 ῷκεον
605 2484 680 2551 ἐν
726 2486 1005 2568 σπήεσσι
1049 2480 1137 2548 δι’
1191 2483 1422 2568 ἄκριας
1465 2481 1884 2567 ἠνεμοέσσας.
2259 2502 2365 2554 400

349 2592 423 2657 οἰ
462 2588 537 2657 δὲ
581 2593 744 2674 βοῆς
789 2590 1047 2667 ἀίοντες
1090 2588 1378 2675 ἐφοίτων
1423 2588 1714 2655 ἄλλοθεν
1757 2590 1984 2676 ἄλλος,

352 2698 691 2782 ἱστάμενοι
738 2693 799 2761 δ’
851 2702 1112 2783 εἴροντο
1156 2693 1308 2780 περὶ
1355 2693 1582 2778 σπέος,
1630 2695 1769 2762 ὅττι
1815 2695 1849 2763 ἑ
1889 2699 2113 2782 κήδοι·

350 2806 555 2888 ,τίπτε
597 2804 829 2886 τόσον,
877 2797 1267 2887 Πολύφημ’,
1315 2799 1643 2886 ἀρημένος
1688 2796 1817 2868 ὧδε
1860 2806 2109 2887 βόησας

349 2912 557 2976 νύκτα
603 2907 691 2975 δι’
745 2909 1116 2995 ἀμβροσίην
1169 2906 1281 2973 καὶ
1327 2907 1626 2985 ἀύπνους
1670 2908 1839 2992 ἄμμε
1874 2911 2201 2994 τίθησθα;

349 3012 392 3100 ἦ
438 3018 529 3101 μή
572 3018 672 3093 τίς
716 3033 836 3081 σευ
880 3020 1054 3100 μῆλα
1098 3017 1360 3100 βροτῶν
1407 3010 1716 3092 ἀέκοντος
1761 3012 2050 3097 ἐλαύνεις
2258 3031 2364 3082 405

349 3116 391 3205 ἦ
438 3125 528 3206 μή
571 3124 671 3199 τίς
716 3118 779 3187 σ’
831 3122 1037 3187 αὐτὸν
1081 3123 1322 3187 κτείνει
1369 3120 1545 3209 δόλῷ
1591 3116 1666 3203 ἠὲ
1709 3123 2002 3206 βίηφινς(

437 3231 596 3306 τοὺς
623 3224 684 3292 δ’
720 3222 864 3293 αὖτ’
899 3227 965 3307 ἐξ
993 3227 1242 3313 ἄντρου
1268 3225 1573 3312 προσέφη
1593 3230 1907 3313 κρατερὸς
1927 3231 2365 3316 Πολύφημος·

349 3331 426 3418 ,ὦ
472 3336 691 3421 φίλοι,
740 3328 941 3411 Οὖτίς
985 3356 1065 3418 με
1108 3335 1351 3399 κτείνει
1396 3332 1572 3420 δόλῷ
1618 3329 1779 3398 οὐδὲ
1823 3336 2101 3419 βίηφινέ

439 3441 512 3507 οἰ
550 3437 612 3506 δ’
667 3439 1182 3526 ἀπαμειβόμενοι
1227 3443 1387 3506 ἔπεα
1430 3434 1765 3524 πτερόεντ’
1818 3438 2170 3526 ἀγόρευον·

351 3547 436 3630 ,εἰ
475 3542 596 3632 μὲν
643 3547 725 3630 δὴ
772 3550 862 3631 μή
905 3548 1005 3624 τίς
1050 3564 1126 3612 σε
1169 3548 1458 3630 βιάζεται
1502 3540 1651 3611 οἷον
1698 3543 1921 3629 ἐόντα,
2260 3559 2365 3613 410
