<?xml version="1.0" encoding="UTF-8"?>
<!DOCTYPE html PUBLIC "-//W3C//DTD XHTML 1.0 Transitional//EN"
    "http://www.w3.org/TR/xhtml1/DTD/xhtml1-transitional.dtd">
<html xmlns="http://www.w3.org/1999/xhtml" xml:lang="en" lang="en">
 <head>
  <title>
</title>
<meta http-equiv="Content-Type" content="text/html;charset=utf-8" />
  <meta name='ocr-system' content='tesseract 3.04.00' />
  <meta name='ocr-capabilities' content='ocr_page ocr_carea ocr_par ocr_line ocrx_word'/>
</head>
<body>
  <div class='ocr_page' id='page_1' title='image "./homeriodyssea00wolfgoog_0013.png"; bbox 0 0 2646 3932; ppageno 0'>
   <div class='ocr_carea' id='block_1_1' title="bbox 1064 944 1515 1012">
    <p class='ocr_par' dir='ltr' id='par_1_1' title="bbox 1064 944 1515 1012">
     <span class='ocr_line' id='line_1_1' title="bbox 1064 944 1515 1012; baseline -0.002 0"><span class='ocrx_word' id='word_1_1' title='bbox 1064 945 1134 1012; x_wconf 84' lang='lat' dir='ltr'>F.</span> <span class='ocrx_word' id='word_1_2' title='bbox 1180 944 1257 1011; x_wconf 85' lang='lat' dir='ltr'>A.</span> <span class='ocrx_word' id='word_1_3' title='bbox 1288 944 1515 1011; x_wconf 91' lang='lat' dir='ltr'>Wolfii</span> 
     </span>
    </p>
   </div>
   <div class='ocr_carea' id='block_1_2' title="bbox 993 1125 1595 1201">
    <p class='ocr_par' dir='ltr' id='par_1_2' title="bbox 993 1125 1595 1201">
     <span class='ocr_line' id='line_1_2' title="bbox 993 1125 1595 1201; baseline -0.003 -1"><span class='ocrx_word' id='word_1_4' title='bbox 993 1125 1509 1201; x_wconf 81' lang='lat' dir='ltr'>Summari</span> <span class='ocrx_word' id='word_1_5' title='bbox 1524 1146 1595 1199; x_wconf 85' lang='lat' dir='ltr'>a.</span> 
     </span>
    </p>
   </div>
   <div class='ocr_carea' id='block_1_3' title="bbox 1268 1387 1318 1452">
    <p class='ocr_par' dir='ltr' id='par_1_3' title="bbox 1268 1387 1318 1452">
     <span class='ocr_line' id='line_1_3' title="bbox 1268 1387 1318 1452; baseline -0.02 0"><span class='ocrx_word' id='word_1_6' title='bbox 1268 1387 1318 1452; x_wconf 89' lang='grc' dir='ltr'>Ι.</span> 
     </span>
    </p>
   </div>
   <div class='ocr_carea' id='block_1_4' title="bbox 285 1498 2304 3612">
    <p class='ocr_par' dir='ltr' id='par_1_4' title="bbox 285 1498 2304 3612">
     <span class='ocr_line' id='line_1_4' title="bbox 417 1498 2304 1561; baseline -0.001 -1"><span class='ocrx_word' id='word_1_7' title='bbox 417 1501 704 1560; x_wconf 84' lang='lat' dir='ltr'>Invocata</span> <span class='ocrx_word' id='word_1_8' title='bbox 766 1502 942 1560; x_wconf 89' lang='lat' dir='ltr'>Musa</span> <span class='ocrx_word' id='word_1_9' title='bbox 1012 1503 1085 1559; x_wconf 88' lang='lat' dir='ltr'>ut</span> <span class='ocrx_word' id='word_1_10' title='bbox 1147 1498 1384 1558; x_wconf 78' lang='lat' dir='ltr'>Ulixem</span> <span class='ocrx_word' id='word_1_11' title='bbox 1455 1501 1634 1559; x_wconf 82' lang='lat' dir='ltr'>canat</span> <span class='ocrx_word' id='word_1_12' title='bbox 1706 1499 1781 1558; x_wconf 89' lang='lat' dir='ltr'>ab</span> <span class='ocrx_word' id='word_1_13' title='bbox 1855 1518 2061 1560; x_wconf 82' lang='lat' dir='ltr'>eversa.</span> <span class='ocrx_word' id='word_1_14' title='bbox 2124 1500 2304 1561; x_wconf 84' lang='lat' dir='ltr'>Troia</span> 
     </span>
     <span class='ocr_line' id='line_1_5' title="bbox 286 1587 2304 1649; baseline 0 -2"><span class='ocrx_word' id='word_1_15' title='bbox 286 1590 585 1648; x_wconf 74' lang='lat' dir='ltr'>errantem</span> <span class='ocrx_word' id='word_1_16' title='bbox 646 1591 709 1648; x_wconf 90' lang='lat' dir='ltr'>et</span> <span class='ocrx_word' id='word_1_17' title='bbox 771 1589 1003 1649; x_wconf 87' lang='lat' dir='ltr'>amissis</span> <span class='ocrx_word' id='word_1_18' title='bbox 1070 1587 1345 1648; x_wconf 90' lang='lat' dir='ltr'>omnibus</span> <span class='ocrx_word' id='word_1_19' title='bbox 1410 1587 1584 1647; x_wconf 87' lang='lat' dir='ltr'>sociis</span> <span class='ocrx_word' id='word_1_20' title='bbox 1652 1588 1896 1647; x_wconf 88' lang='lat' dir='ltr'>domum</span> <span class='ocrx_word' id='word_1_21' title='bbox 1956 1589 2304 1648; x_wconf 92' lang='lat' dir='ltr'>redeuntem</span> 
     </span>
     <span class='ocr_line' id='line_1_6' title="bbox 288 1670 2302 1758; baseline 0 -23"><span class='ocrx_word' id='word_1_22' title='bbox 288 1670 592 1758; x_wconf 84' lang='lat'>(1—10),</span> <span class='ocrx_word' id='word_1_23' title='bbox 645 1678 912 1739; x_wconf 88' lang='lat' dir='ltr'>narratio</span> <span class='ocrx_word' id='word_1_24' title='bbox 959 1676 1201 1736; x_wconf 77' lang='lat' dir='ltr'>ducitur</span> <span class='ocrx_word' id='word_1_25' title='bbox 1245 1675 1319 1735; x_wconf 88' lang='lat' dir='ltr'>ab</span> <span class='ocrx_word' id='word_1_26' title='bbox 1367 1695 1436 1735; x_wconf 91' lang='lat' dir='ltr'>eo</span> <span class='ocrx_word' id='word_1_27' title='bbox 1492 1678 1783 1754; x_wconf 90' lang='lat' dir='ltr'>tempore,</span> <span class='ocrx_word' id='word_1_28' title='bbox 1839 1696 1959 1752; x_wconf 90' lang='lat' dir='ltr'>quo</span> <span class='ocrx_word' id='word_1_29' title='bbox 2008 1675 2302 1754; x_wconf 82' lang='lat' dir='ltr'><strong>Calypsus</strong></span> 
     </span>
     <span class='ocr_line' id='line_1_7' title="bbox 285 1763 2302 1843; baseline 0 -20"><span class='ocrx_word' id='word_1_30' title='bbox 285 1765 549 1824; x_wconf 90' lang='lat' dir='ltr'>insulam</span> <span class='ocrx_word' id='word_1_31' title='bbox 592 1765 695 1824; x_wconf 90' lang='lat' dir='ltr'>ille</span> <span class='ocrx_word' id='word_1_32' title='bbox 740 1766 1062 1826; x_wconf 87' lang='lat' dir='ltr'>relicturus</span> <span class='ocrx_word' id='word_1_33' title='bbox 1108 1766 1212 1824; x_wconf 90' lang='lat' dir='ltr'>est.</span> <span class='ocrx_word' id='word_1_34' title='bbox 1287 1763 1549 1830; x_wconf 86' lang='lat' dir='ltr'>Absente</span> <span class='ocrx_word' id='word_1_35' title='bbox 1597 1765 1755 1823; x_wconf 81' lang='lat' dir='ltr'>enim</span> <span class='ocrx_word' id='word_1_36' title='bbox 1789 1765 2091 1843; x_wconf 83' lang='lat' dir='ltr'>Neptuno,</span> <span class='ocrx_word' id='word_1_37' title='bbox 2130 1765 2302 1826; x_wconf 90' lang='lat' dir='ltr'>cuius</span> 
     </span>
     <span class='ocr_line' id='line_1_8' title="bbox 286 1852 2300 1930; baseline 0 -17"><span class='ocrx_word' id='word_1_38' title='bbox 286 1854 379 1913; x_wconf 91' lang='lat' dir='ltr'>ira</span> <span class='ocrx_word' id='word_1_39' title='bbox 413 1853 614 1913; x_wconf 84' lang='lat' dir='ltr'>virum</span> <span class='ocrx_word' id='word_1_40' title='bbox 648 1853 771 1912; x_wconf 88' lang='lat' dir='ltr'>iam</span> <span class='ocrx_word' id='word_1_41' title='bbox 808 1855 1036 1913; x_wconf 87' lang='lat' dir='ltr'>dudum</span> <span class='ocrx_word' id='word_1_42' title='bbox 1069 1853 1269 1913; x_wconf 89' lang='lat' dir='ltr'>reditu</span> <span class='ocrx_word' id='word_1_43' title='bbox 1307 1852 1573 1930; x_wconf 82' lang='lat' dir='ltr'>arcebat,</span> <span class='ocrx_word' id='word_1_44' title='bbox 1621 1852 1926 1912; x_wconf 90' lang='lat' dir='ltr'>decretum</span> <span class='ocrx_word' id='word_1_45' title='bbox 1959 1852 2030 1912; x_wconf 91' lang='lat' dir='ltr'>fit</span> <span class='ocrx_word' id='word_1_46' title='bbox 2064 1852 2127 1911; x_wconf 92' lang='lat' dir='ltr'>in</span> <span class='ocrx_word' id='word_1_47' title='bbox 2164 1872 2300 1915; x_wconf 90' lang='lat' dir='ltr'>con-</span> 
     </span>
     <span class='ocr_line' id='line_1_9' title="bbox 288 1939 2301 2022; baseline -0 -19"><span class='ocrx_word' id='word_1_48' title='bbox 288 1942 425 2003; x_wconf 91' lang='lat' dir='ltr'>cilio</span> <span class='ocrx_word' id='word_1_49' title='bbox 473 1941 737 2022; x_wconf 91' lang='lat' dir='ltr'>deorum,</span> <span class='ocrx_word' id='word_1_50' title='bbox 781 1946 855 2002; x_wconf 90' lang='lat' dir='ltr'>ut</span> <span class='ocrx_word' id='word_1_51' title='bbox 892 1941 1148 2020; x_wconf 81' lang='lat' dir='ltr'>Calypso</span> <span class='ocrx_word' id='word_1_52' title='bbox 1196 1960 1333 2001; x_wconf 90' lang='lat' dir='ltr'>eum</span> <span class='ocrx_word' id='word_1_53' title='bbox 1380 1941 1455 2000; x_wconf 88' lang='lat' dir='ltr'>ab</span> <span class='ocrx_word' id='word_1_54' title='bbox 1494 1939 1732 2020; x_wconf 78' lang='lat' dir='ltr'>Ogygia</span> <span class='ocrx_word' id='word_1_55' title='bbox 1767 1940 1968 2002; x_wconf 80' lang='lat' dir='ltr'>insula</span> <span class='ocrx_word' id='word_1_56' title='bbox 2002 1941 2301 2002; x_wconf 80' lang='lat' dir='ltr'>discedere</span> 
     </span>
     <span class='ocr_line' id='line_1_10' title="bbox 288 2022 2301 2111; baseline 0 -20"><span class='ocrx_word' id='word_1_57' title='bbox 288 2032 650 2108; x_wconf 89' lang='lat' dir='ltr'>domumque</span> <span class='ocrx_word' id='word_1_58' title='bbox 693 2031 915 2091; x_wconf 82' lang='lat' dir='ltr'>reverti</span> <span class='ocrx_word' id='word_1_59' title='bbox 960 2032 1120 2091; x_wconf 89' lang='lat' dir='ltr'>sinat</span> <span class='ocrx_word' id='word_1_60' title='bbox 1165 2022 1229 2111; x_wconf 90' lang='lat'>(1</span> <span class='ocrx_word' id='word_1_61' title='bbox 1244 2025 1520 2105; x_wconf 82' lang='lat'>1—95),</span> <span class='ocrx_word' id='word_1_62' title='bbox 1505 2052 1519 2065; x_wconf 91' lang='lat'><strong>·</strong></span> <span class='ocrx_word' id='word_1_63' title='bbox 1564 2030 1833 2090; x_wconf 83' lang='lat' dir='ltr'>Minerva</span> <span class='ocrx_word' id='word_1_64' title='bbox 1879 2024 2099 2109; x_wconf 87' lang='lat' dir='ltr'>autem,</span> <span class='ocrx_word' id='word_1_65' title='bbox 2146 2050 2301 2108; x_wconf 86' lang='lat' dir='ltr'>quae</span> 
     </span>
     <span class='ocr_line' id='line_1_11' title="bbox 287 2117 2302 2199; baseline 0 -20"><span class='ocrx_word' id='word_1_66' title='bbox 287 2120 350 2179; x_wconf 93' lang='lat' dir='ltr'>id</span> <span class='ocrx_word' id='word_1_67' title='bbox 386 2119 642 2179; x_wconf 84' lang='lat' dir='ltr'>maxime</span> <span class='ocrx_word' id='word_1_68' title='bbox 681 2119 835 2199; x_wconf 90' lang='lat' dir='ltr'>agit,</span> <span class='ocrx_word' id='word_1_69' title='bbox 881 2120 946 2179; x_wconf 91' lang='lat' dir='ltr'>in</span> <span class='ocrx_word' id='word_1_70' title='bbox 990 2119 1261 2178; x_wconf 76' lang='lat' dir='ltr'><strong>Ithacam</strong></span> <span class='ocrx_word' id='word_1_71' title='bbox 1306 2118 1384 2177; x_wconf 88' lang='lat' dir='ltr'>ad</span> <span class='ocrx_word' id='word_1_72' title='bbox 1427 2117 1673 2177; x_wconf 90' lang='lat' dir='ltr'>filium</span> <span class='ocrx_word' id='word_1_73' title='bbox 1656 2118 1846 2195; x_wconf 78' lang='lat' dir='ltr'>ipsius</span> <span class='ocrx_word' id='word_1_74' title='bbox 1881 2119 2302 2195; x_wconf 74' lang='lat' dir='ltr'>pubescentem</span> 
     </span>
     <span class='ocr_line' id='line_1_12' title="bbox 288 2206 2302 2287; baseline 0 -21"><span class='ocrx_word' id='word_1_75' title='bbox 288 2209 562 2286; x_wconf 82' lang='lat' dir='ltr'>festinat,</span> <span class='ocrx_word' id='word_1_76' title='bbox 618 2208 723 2267; x_wconf 92' lang='lat' dir='ltr'>ubi</span> <span class='ocrx_word' id='word_1_77' title='bbox 785 2227 1008 2287; x_wconf 86' lang='lat' dir='ltr'>magna</span> <span class='ocrx_word' id='word_1_78' title='bbox 1069 2207 1249 2266; x_wconf 89' lang='lat' dir='ltr'>turba</span> <span class='ocrx_word' id='word_1_79' title='bbox 1310 2225 1629 2283; x_wconf 90' lang='lat' dir='ltr'>procorum</span> <span class='ocrx_word' id='word_1_80' title='bbox 1690 2206 1919 2283; x_wconf 84' lang='lat' dir='ltr'>nuptiis</span> <span class='ocrx_word' id='word_1_81' title='bbox 1976 2206 2302 2284; x_wconf 89' lang='lat' dir='ltr'>Penelopes</span> 
     </span>
     <span class='ocr_line' id='line_1_13' title="bbox 288 2294 2304 2372; baseline -0.001 -15"><span class='ocrx_word' id='word_1_82' title='bbox 288 2296 727 2357; x_wconf 87' lang='lat' dir='ltr'>imminentium</span> <span class='ocrx_word' id='word_1_83' title='bbox 780 2296 973 2356; x_wconf 78' lang='lat' dir='ltr'>Ulixis</span> <span class='ocrx_word' id='word_1_84' title='bbox 1027 2295 1229 2372; x_wconf 86' lang='lat' dir='ltr'>copias</span> <span class='ocrx_word' id='word_1_85' title='bbox 1291 2294 1635 2357; x_wconf 88' lang='lat' dir='ltr'>cottidianis</span> <span class='ocrx_word' id='word_1_86' title='bbox 1694 2294 1981 2355; x_wconf 82' lang='lat' dir='ltr'>conviviis</span> <span class='ocrx_word' id='word_1_87' title='bbox 2041 2295 2304 2355; x_wconf 84' lang='lat' dir='ltr'>absumit</span> 
     </span>
     <span class='ocr_line' id='line_1_14' title="bbox 293 2376 2300 2466; baseline -0.001 -22"><span class='ocrx_word' id='word_1_88' title='bbox 293 2376 675 2466; x_wconf 79' lang='lat'>(96—112).</span> <span class='ocrx_word' id='word_1_89' title='bbox 764 2385 947 2461; x_wconf 90' lang='lat' dir='ltr'>Apud</span> <span class='ocrx_word' id='word_1_90' title='bbox 1001 2403 1101 2444; x_wconf 88' lang='lat' dir='ltr'>eos</span> <span class='ocrx_word' id='word_1_91' title='bbox 1147 2403 1325 2462; x_wconf 86' lang='lat' dir='ltr'>aeger</span> <span class='ocrx_word' id='word_1_92' title='bbox 1370 2382 1557 2442; x_wconf 91' lang='lat' dir='ltr'>animi</span> <span class='ocrx_word' id='word_1_93' title='bbox 1602 2383 1989 2443; x_wconf 85' lang='lat' dir='ltr'>Telemachus</span> <span class='ocrx_word' id='word_1_94' title='bbox 2035 2383 2300 2443; x_wconf 87' lang='lat' dir='ltr'>assidens</span> 
     </span>
     <span class='ocr_line' id='line_1_15' title="bbox 287 2470 2301 2550; baseline -0 -18"><span class='ocrx_word' id='word_1_95' title='bbox 287 2474 626 2534; x_wconf 83' lang='lat' dir='ltr'>reverenter</span> <span class='ocrx_word' id='word_1_96' title='bbox 666 2472 888 2550; x_wconf 83' lang='lat' dir='ltr'>excipit</span> <span class='ocrx_word' id='word_1_97' title='bbox 933 2473 1104 2532; x_wconf 90' lang='lat' dir='ltr'>deam</span> <span class='ocrx_word' id='word_1_98' title='bbox 1147 2472 1410 2549; x_wconf 87' lang='lat' dir='ltr'>Mentae,</span> <span class='ocrx_word' id='word_1_99' title='bbox 1458 2470 1824 2548; x_wconf 88' lang='lat' dir='ltr'>Taphiorum</span> <span class='ocrx_word' id='word_1_100' title='bbox 1880 2471 2062 2550; x_wconf 86' lang='lat' dir='ltr'>regis,</span> <span class='ocrx_word' id='word_1_101' title='bbox 2108 2472 2301 2548; x_wconf 88' lang='lat' dir='ltr'>specie</span> 
     </span>
     <span class='ocr_line' id='line_1_16' title="bbox 290 2557 2301 2639; baseline -0 -18"><span class='ocrx_word' id='word_1_102' title='bbox 290 2562 591 2639; x_wconf 84' lang='lat' dir='ltr'>indutam,</span> <span class='ocrx_word' id='word_1_103' title='bbox 649 2579 802 2637; x_wconf 91' lang='lat' dir='ltr'>quae</span> <span class='ocrx_word' id='word_1_104' title='bbox 856 2560 1056 2638; x_wconf 89' lang='lat' dir='ltr'>ipsum</span> <span class='ocrx_word' id='word_1_105' title='bbox 1108 2557 1291 2620; x_wconf 84' lang='lat' dir='ltr'>variis</span> <span class='ocrx_word' id='word_1_106' title='bbox 1347 2559 1715 2619; x_wconf 89' lang='lat' dir='ltr'>sermonibus</span> <span class='ocrx_word' id='word_1_107' title='bbox 1770 2559 1847 2619; x_wconf 94' lang='lat' dir='ltr'>ad</span> <span class='ocrx_word' id='word_1_108' title='bbox 1901 2578 2066 2637; x_wconf 89' lang='lat' dir='ltr'>spem</span> <span class='ocrx_word' id='word_1_109' title='bbox 2110 2559 2301 2636; x_wconf 88' lang='lat' dir='ltr'>patris</span> 
     </span>
     <span class='ocr_line' id='line_1_17' title="bbox 290 2647 2301 2727; baseline -0.001 -17"><span class='ocrx_word' id='word_1_110' title='bbox 290 2649 636 2727; x_wconf 89' lang='lat' dir='ltr'>propediem</span> <span class='ocrx_word' id='word_1_111' title='bbox 696 2649 930 2710; x_wconf 90' lang='lat' dir='ltr'>reducis</span> <span class='ocrx_word' id='word_1_112' title='bbox 983 2647 1223 2709; x_wconf 83' lang='lat' dir='ltr'>videndi</span> <span class='ocrx_word' id='word_1_113' title='bbox 1286 2647 1509 2708; x_wconf 84' lang='lat' dir='ltr'>excitat</span> <span class='ocrx_word' id='word_1_114' title='bbox 1568 2648 1963 2725; x_wconf 84' lang='lat' dir='ltr'>hortaturque</span> <span class='ocrx_word' id='word_1_115' title='bbox 2013 2648 2104 2708; x_wconf 63' lang='lat' dir='ltr'>⁴ad</span> <span class='ocrx_word' id='word_1_116' title='bbox 2165 2668 2301 2709; x_wconf 91' lang='lat' dir='ltr'>con-</span> 
     </span>
     <span class='ocr_line' id='line_1_18' title="bbox 294 2735 2301 2815; baseline -0.001 -18"><span class='ocrx_word' id='word_1_117' title='bbox 294 2739 519 2798; x_wconf 86' lang='lat' dir='ltr'>tionem</span> <span class='ocrx_word' id='word_1_118' title='bbox 572 2737 977 2797; x_wconf 86' lang='lat' dir='ltr'>Ithacensium</span> <span class='ocrx_word' id='word_1_119' title='bbox 1031 2735 1348 2815; x_wconf 86' lang='lat' dir='ltr'>agendam,</span> <span class='ocrx_word' id='word_1_120' title='bbox 1406 2736 1469 2794; x_wconf 89' lang='lat' dir='ltr'>in</span> <span class='ocrx_word' id='word_1_121' title='bbox 1525 2755 1648 2813; x_wconf 86' lang='lat' dir='ltr'>qua</span> <span class='ocrx_word' id='word_1_122' title='bbox 1692 2755 2008 2813; x_wconf 88' lang='lat' dir='ltr'>procorum</span> <span class='ocrx_word' id='word_1_123' title='bbox 2050 2736 2301 2796; x_wconf 90' lang='lat' dir='ltr'>iniurias</span> 
     </span>
     <span class='ocr_line' id='line_1_19' title="bbox 291 2824 2303 2903; baseline -0.001 -16"><span class='ocrx_word' id='word_1_124' title='bbox 291 2828 497 2903; x_wconf 89' lang='lat' dir='ltr'>palam</span> <span class='ocrx_word' id='word_1_125' title='bbox 542 2827 796 2903; x_wconf 88' lang='lat' dir='ltr'>accuset,</span> <span class='ocrx_word' id='word_1_126' title='bbox 843 2826 907 2885; x_wconf 88' lang='lat' dir='ltr'>et</span> <span class='ocrx_word' id='word_1_127' title='bbox 949 2827 1023 2884; x_wconf 90' lang='lat' dir='ltr'>ut</span> <span class='ocrx_word' id='word_1_128' title='bbox 1065 2824 1192 2901; x_wconf 89' lang='lat' dir='ltr'>ipse</span> <span class='ocrx_word' id='word_1_129' title='bbox 1238 2824 1448 2884; x_wconf 82' lang='lat' dir='ltr'>statim</span> <span class='ocrx_word' id='word_1_130' title='bbox 1491 2824 1562 2884; x_wconf 90' lang='lat' dir='ltr'>de</span> <span class='ocrx_word' id='word_1_131' title='bbox 1608 2826 1778 2901; x_wconf 89' lang='lat' dir='ltr'>patre</span> <span class='ocrx_word' id='word_1_132' title='bbox 1815 2825 2186 2888; x_wconf 88' lang='lat' dir='ltr'>sciscitatum</span> <span class='ocrx_word' id='word_1_133' title='bbox 2226 2826 2303 2885; x_wconf 90' lang='lat' dir='ltr'>ad</span> 
     </span>
     <span class='ocr_line' id='line_1_20' title="bbox 290 2911 2302 2990; baseline 0 -16"><span class='ocrx_word' id='word_1_134' title='bbox 290 2916 605 2975; x_wconf 88' lang='lat' dir='ltr'>Nestorem</span> <span class='ocrx_word' id='word_1_135' title='bbox 651 2932 721 2973; x_wconf 88' lang='lat' dir='ltr'>ac</span> <span class='ocrx_word' id='word_1_136' title='bbox 764 2913 1105 2973; x_wconf 89' lang='lat' dir='ltr'>Menelaum</span> <span class='ocrx_word' id='word_1_137' title='bbox 1147 2911 1577 2990; x_wconf 84' lang='lat' dir='ltr'>proficiscatur,</span> <span class='ocrx_word' id='word_1_138' title='bbox 1629 2931 1833 2972; x_wconf 89' lang='lat' dir='ltr'>recens</span> <span class='ocrx_word' id='word_1_139' title='bbox 1882 2913 1957 2972; x_wconf 91' lang='lat' dir='ltr'>ab</span> <span class='ocrx_word' id='word_1_140' title='bbox 2003 2913 2302 2974; x_wconf 89' lang='lat' dir='ltr'>erroribus</span> 
     </span>
     <span class='ocr_line' id='line_1_21' title="bbox 291 2993 2304 3081; baseline 0 -19"><span class='ocrx_word' id='word_1_141' title='bbox 291 3019 589 3081; x_wconf 85' lang='lat' dir='ltr'>regressos</span> <span class='ocrx_word' id='word_1_142' title='bbox 636 2993 1062 3081; x_wconf 81' lang='grc'><strong>(113-318).</strong></span> <span class='ocrx_word' id='word_1_143' title='bbox 1153 3001 1317 3079; x_wconf 84' lang='lat' dir='ltr'>Mox,</span> <span class='ocrx_word' id='word_1_144' title='bbox 1371 3000 1478 3060; x_wconf 91' lang='lat' dir='ltr'>ubi</span> <span class='ocrx_word' id='word_1_145' title='bbox 1531 3020 1603 3060; x_wconf 85' lang='lat' dir='ltr'>ex</span> <span class='ocrx_word' id='word_1_146' title='bbox 1656 3001 1845 3060; x_wconf 82' lang='lat' dir='ltr'>oculis</span> <span class='ocrx_word' id='word_1_147' title='bbox 1900 3002 2147 3062; x_wconf 83' lang='lat' dir='ltr'>evanuit</span> <span class='ocrx_word' id='word_1_148' title='bbox 2191 3002 2304 3063; x_wconf 85' lang='lat' dir='ltr'>dea</span> 
     </span>
     <span class='ocr_line' id='line_1_22' title="bbox 292 3088 2302 3167; baseline 0 -17"><span class='ocrx_word' id='word_1_149' title='bbox 292 3111 412 3151; x_wconf 91' lang='lat' dir='ltr'>non</span> <span class='ocrx_word' id='word_1_150' title='bbox 466 3090 591 3150; x_wconf 90' lang='lat' dir='ltr'>sine</span> <span class='ocrx_word' id='word_1_151' title='bbox 645 3089 863 3150; x_wconf 87' lang='lat' dir='ltr'>indicio</span> <span class='ocrx_word' id='word_1_152' title='bbox 917 3089 1207 3167; x_wconf 78' lang='lat' dir='ltr'>numiniS,</span> <span class='ocrx_word' id='word_1_153' title='bbox 1264 3088 1547 3149; x_wconf 87' lang='lat' dir='ltr'>Phemius</span> <span class='ocrx_word' id='word_1_154' title='bbox 1600 3108 1916 3166; x_wconf 88' lang='lat' dir='ltr'>procorum</span> <span class='ocrx_word' id='word_1_155' title='bbox 1961 3090 2155 3167; x_wconf 89' lang='lat' dir='ltr'>epulis</span> <span class='ocrx_word' id='word_1_156' title='bbox 2201 3091 2302 3151; x_wconf 88' lang='lat' dir='ltr'>ad-</span> 
     </span>
     <span class='ocr_line' id='line_1_23' title="bbox 292 3176 2302 3258; baseline 0 -20"><span class='ocrx_word' id='word_1_157' title='bbox 292 3179 519 3239; x_wconf 86' lang='lat' dir='ltr'>hibitus</span> <span class='ocrx_word' id='word_1_158' title='bbox 563 3197 773 3239; x_wconf 90' lang='lat' dir='ltr'>canere</span> <span class='ocrx_word' id='word_1_159' title='bbox 820 3178 1054 3238; x_wconf 88' lang='lat' dir='ltr'>orditur</span> <span class='ocrx_word' id='word_1_160' title='bbox 1097 3177 1168 3236; x_wconf 93' lang='lat' dir='ltr'>de</span> <span class='ocrx_word' id='word_1_161' title='bbox 1221 3177 1448 3237; x_wconf 86' lang='lat' dir='ltr'>infelici</span> <span class='ocrx_word' id='word_1_162' title='bbox 1491 3176 1875 3256; x_wconf 83' lang='lat' dir='ltr'>navigatione</span> <span class='ocrx_word' id='word_1_163' title='bbox 1919 3179 2302 3258; x_wconf 83' lang='lat' dir='ltr'>Achivorum,</span> 
     </span>
     <span class='ocr_line' id='line_1_24' title="bbox 293 3265 2303 3346; baseline 0.001 -20"><span class='ocrx_word' id='word_1_164' title='bbox 293 3287 413 3345; x_wconf 90' lang='lat' dir='ltr'>quo</span> <span class='ocrx_word' id='word_1_165' title='bbox 460 3269 814 3346; x_wconf 87' lang='lat' dir='ltr'>argumento</span> <span class='ocrx_word' id='word_1_166' title='bbox 862 3266 1084 3327; x_wconf 88' lang='lat' dir='ltr'>offensa</span> <span class='ocrx_word' id='word_1_167' title='bbox 1127 3265 1423 3341; x_wconf 90' lang='lat' dir='ltr'>Penelope</span> <span class='ocrx_word' id='word_1_168' title='bbox 1476 3267 1779 3326; x_wconf 87' lang='lat' dir='ltr'>cantorem</span> <span class='ocrx_word' id='word_1_169' title='bbox 1834 3265 1911 3325; x_wconf 87' lang='lat' dir='ltr'>ad</span> <span class='ocrx_word' id='word_1_170' title='bbox 1965 3266 2088 3326; x_wconf 81' lang='lat' dir='ltr'>alia</span> <span class='ocrx_word' id='word_1_171' title='bbox 2136 3287 2303 3329; x_wconf 85' lang='lat' dir='ltr'>revo-</span> 
     </span>
     <span class='ocr_line' id='line_1_25' title="bbox 293 3352 2304 3432; baseline -0 -16"><span class='ocrx_word' id='word_1_172' title='bbox 293 3375 426 3416; x_wconf 84' lang='lat' dir='ltr'>care</span> <span class='ocrx_word' id='word_1_173' title='bbox 480 3358 758 3432; x_wconf 81' lang='lat' dir='ltr'>conatur3</span> <span class='ocrx_word' id='word_1_174' title='bbox 805 3355 906 3414; x_wconf 89' lang='lat' dir='ltr'>sed</span> <span class='ocrx_word' id='word_1_175' title='bbox 961 3374 998 3414; x_wconf 91' lang='lat' dir='ltr'>a</span> <span class='ocrx_word' id='word_1_176' title='bbox 1041 3353 1166 3413; x_wconf 90' lang='lat' dir='ltr'>filio</span> <span class='ocrx_word' id='word_1_177' title='bbox 1212 3352 1395 3412; x_wconf 88' lang='lat' dir='ltr'>libere</span> <span class='ocrx_word' id='word_1_178' title='bbox 1448 3354 1923 3432; x_wconf 85' lang='lat' dir='ltr'>reprehenditur,</span> <span class='ocrx_word' id='word_1_179' title='bbox 1979 3355 2087 3431; x_wconf 85' lang='lat' dir='ltr'>qui</span> <span class='ocrx_word' id='word_1_180' title='bbox 2144 3374 2304 3415; x_wconf 91' lang='lat' dir='ltr'>nunc</span> 
     </span>
     <span class='ocr_line' id='line_1_26' title="bbox 292 3440 2301 3522; baseline -0.002 -17"><span class='ocrx_word' id='word_1_181' title='bbox 292 3445 554 3522; x_wconf 85' lang='lat' dir='ltr'>primum</span> <span class='ocrx_word' id='word_1_182' title='bbox 607 3444 790 3504; x_wconf 86' lang='lat' dir='ltr'>etiam</span> <span class='ocrx_word' id='word_1_183' title='bbox 843 3462 981 3503; x_wconf 92' lang='lat' dir='ltr'>cum</span> <span class='ocrx_word' id='word_1_184' title='bbox 1033 3440 1229 3520; x_wconf 89' lang='lat' dir='ltr'>procis</span> <span class='ocrx_word' id='word_1_185' title='bbox 1282 3441 1695 3501; x_wconf 88' lang='lat' dir='ltr'>contumacius</span> <span class='ocrx_word' id='word_1_186' title='bbox 1744 3460 2032 3520; x_wconf 84' lang='lat' dir='ltr'>generosa</span> <span class='ocrx_word' id='word_1_187' title='bbox 2077 3442 2301 3518; x_wconf 90' lang='lat' dir='ltr'>simpli·</span> 
     </span>
     <span class='ocr_line' id='line_1_27' title="bbox 293 3530 2299 3612; baseline -0.004 -15"><span class='ocrx_word' id='word_1_188' title='bbox 293 3533 476 3597; x_wconf 73' lang='lat' dir='ltr'>citato</span> <span class='ocrx_word' id='word_1_189' title='bbox 522 3532 862 3612; x_wconf 84' lang='lat' dir='ltr'>expostulat</span> <span class='ocrx_word' id='word_1_190' title='bbox 907 3534 970 3591; x_wconf 89' lang='lat' dir='ltr'>et</span> <span class='ocrx_word' id='word_1_191' title='bbox 1013 3531 1075 3589; x_wconf 89' lang='lat' dir='ltr'>in</span> <span class='ocrx_word' id='word_1_192' title='bbox 1122 3530 1450 3590; x_wconf 87' lang='lat' dir='ltr'>crastinum</span> <span class='ocrx_word' id='word_1_193' title='bbox 1503 3530 1714 3589; x_wconf 88' lang='lat' dir='ltr'>indicit</span> <span class='ocrx_word' id='word_1_194' title='bbox 1758 3530 2095 3590; x_wconf 90' lang='lat' dir='ltr'>contionem</span> <span class='ocrx_word' id='word_1_195' title='bbox 2136 3530 2299 3596; x_wconf 85' lang='lat' dir='ltr'>haud</span> 
     </span>
    </p>
   </div>
  </div>
 </body>
</html>
