2646 3932
1034 178 1450 230 οΔΤΣΣΕιΑΣ
1486 179 1579 231 lv,
2223 171 2309 237 69

299 327 667 406 μνηστῆρες
711 319 1103 406 φράζονται,
1149 318 1188 385 ὃ
1234 321 1321 404 μὴ
1367 316 1649 384 τελέσειε
1694 319 2025 404 Κρονίων.

307 423 692 510 Τηλέμαχον
736 426 1021 510 μεμάασι
1066 426 1474 510 κατακτάμεν
1518 423 1653 504 ὀξέι
1699 429 1918 513 χαλκῷ
2214 439 2318 489 ‘100

301 531 525 597 οἴκαδε
570 533 997 616 νισσόμενον·
1062 531 1099 597 ὁ
1146 528 1207 597 δ’
1260 534 1379 616 ἔβη
1425 532 1586 616 μετὰ
1630 532 1876 616 πατρὸς
1919 529 2172 613 ἀκουὴν

298 636 365 713 ές
412 637 648 703 Πύλον
692 635 996 721 ἠγαθέην
1040 635 1150 719 ἠδ’
1201 636 1270 715 ές
1311 639 1780 721 Λακεδαίμονα
1826 636 2044 701 διἀν.“

387 737 476 819 ὦς
512 743 715 827 φάτο,
752 750 870 825 τῆς
906 739 967 808 δ’
1012 742 1220 808 αὐτοῦ
1248 743 1409 808 λύτο
1437 743 1730 826 γούνατα
1755 739 1867 809 καὶ
1894 744 2097 825 φίλον
2121 734 2316 826 ἦτορ,

300 850 426 933 δὴν
473 846 553 913 δέ
593 873 708 934 μιν
752 848 1052 933 ἀμφασίη
1099 846 1308 915 ἐπέων
1354 850 1540 932 λάβε·
1602 848 1693 913 τὼ
1741 845 1822 913 δέ
1861 847 1932 912 οἱ
1971 848 2128 913 ὄσσε

299 954 637 1041 δακρυόφι
681 957 1017 1037 πλῆσθεν,
1060 954 1315 1040 θαλερὴ
1365 952 1445 1019 δέ
1484 955 1557 1020 οἱ
1596 956 1820 1037 ἔσχετο
1867 955 2077 1038 φωνή.
2215 969 2316 1018 705

298 1057 421 1138 ὀψὲ
467 1057 541 1126 δὲ
589 1062 673 1144 δή
719 1084 835 1145 μιν
879 1063 1148 1126 ἔπεσσιν
1192 1058 1590 1144 ἀμειβομένη
1636 1057 2051 1146 προσέειπεν·

299 1165 580 1254 ,,κῆρυξ,
635 1169 817 1231 τίπτε
864 1165 945 1232 δέ
984 1189 1097 1251 μοι
1141 1166 1296 1243 πάις
1342 1172 1616 1250 οἴχεται;
1676 1163 1840 1231 οὐδέ
1878 1168 1950 1230 τί
1987 1187 2102 1247 μιν
2145 1164 2315 1248 χρεὼ

299 1284 483 1356 νηῶν
531 1273 898 1358 ὠκυπόρων
943 1270 1362 1356 ἐπιβαινέμεν
1370 1319 1392 1355 ,
1438 1273 1513 1336 αἵ
1551 1268 1624 1336 θ’
1677 1270 1835 1349 ἁλὸς
1879 1271 2068 1336 ἵπποι

297 1378 580 1463 ἀνδράσι
625 1381 999 1460 γίγνονται,
1043 1379 1333 1463 περόωσι
1378 1373 1451 1443 δὲ
1497 1379 1757 1443 πουλὺν
1802 1374 1907 1462 ἐφ’
1957 1375 2189 1462 ὑγρήν.

296 1478 336 1567 ἦ
385 1484 496 1549 ἵνα
541 1481 696 1568 μηδ’
749 1479 938 1567 ὄνομ’
991 1483 1199 1549 αὐτοῦ
1245 1482 1319 1549 έν
1366 1482 1786 1569 ἀνθρώποισι
1830 1483 2172 1565 λίπηται;“
2211 1499 2314 1548 710

384 1590 507 1672 τὴν
552 1586 613 1655 δ’
666 1585 953 1673 ἠμείβετ’
1006 1591 1230 1655 ἔπειτα
1272 1587 1527 1654 Μέδων
1571 1586 1952 1672 πεπνυμένα
1998 1589 2217 1666 εἰδώς·

296 1695 465 1778 ,,οὐκ
511 1690 674 1778 οἷδ’,
715 1695 759 1777 ἦ
802 1698 902 1772 τίς
947 1719 1063 1779 μιν
1105 1696 1267 1772 θεὸς
1312 1696 1598 1780 ὤρορεν,
1641 1688 1718 1777 ἦε
1761 1692 1873 1760 καὶ
1917 1693 2127 1759 αὐτοῦ

294 1802 514 1885 θυμὸς
557 1799 926 1886 ἐφωρμήθη
974 1806 1123 1884 ἴμεν
1169 1799 1236 1877 ές
1282 1799 1548 1882 Πύλον,
1595 1800 1773 1885 ὄφρα
1816 1799 2113 1883 πύθηται

295 1908 540 1994 πατρὸς
585 1905 700 1973 ἑοῦ
744 1905 786 1991 ἣ
830 1908 1075 1973 νόστον
1118 1903 1160 1989 ἣ
1208 1904 1288 1971 ὅν
1332 1929 1482 1971 τινα
1526 1907 1782 1989 πότμον
1826 1903 2168 1971 έπέσπεν.“

386 2007 475 2090 ὦς
520 2014 649 2100 ἄρα
695 2015 1013 2097 φωνήσας
1057 2010 1265 2096 ἀπέβη
1310 2012 1477 2077 κατὰ
1523 2008 1687 2095 δῶμ’
1734 2008 2065 2094 Ὀδυσῆος.
2212 2029 2313 2078 715

295 2119 417 2201 τὴν
461 2116 524 2183 δ’
569 2120 727 2203 ἄχος
763 2118 1118 2202 ἀμφεχύθη
1155 2119 1642 2203 θυμοφθόρον,
1689 2114 1837 2182 οὐδ’
1880 2114 1986 2201 ἄρ’
2030 2114 2118 2182 ἔτ’
2162 2119 2313 2201 ἔτλη

296 2223 514 2313 δίφρῳ
562 2223 912 2308 ἐφέζεσθαι
956 2227 1223 2289 πολλῶν
1265 2224 1431 2288 κατὰ
1476 2217 1664 2288 οἷκον
1710 2221 1985 2305 έόντων,

296 2326 439 2394 ἀλλ’
491 2326 596 2413 ἄρ’
649 2326 749 2394 ἐπ’
802 2329 1013 2395 οὐδοῦ
1060 2320 1149 2408 ἷζε
1193 2331 1619 2412 πολυκμήτου
1661 2328 1995 2413 θαλάμοιο

295 2431 501 2521 οἴκτρ’
555 2433 1040 2521 ὀλοφυρομένη.
1130 2432 1282 2521 περὶ
1328 2430 1403 2499 δὲ
1451 2432 1667 2518 δμωαὶ
1710 2433 2056 2519 μινύριζον

293 2549 528 2624 πᾶσαι,
576 2540 727 2606 ὅσαι
769 2541 934 2606 κατὰ
979 2536 1224 2625 δώματ’
1277 2538 1468 2623 ἔσαν,
1512 2538 1658 2605 νέαι
1704 2535 1823 2623 ἠδὲ
1868 2542 2159 2604 παλαιαί.
2209 2555 2312 2606 ’120

292 2654 409 2731 τῇς
454 2643 515 2712 δ’
569 2645 806 2712 ἀδινὸν
849 2649 1112 2730 γοόωσα
1157 2646 1449 2731 μετηύδα
1497 2647 1941 2729 Πηνελόπεια·

382 2757 652 2836 ,,κλῦτε,
700 2754 917 2837 φίλαι·
962 2751 1113 2838 πέρι
1147 2752 1276 2838 γάρ
1313 2775 1427 2836 μοι
1459 2749 1809 2836 Ὀλύμπιος
1844 2748 2023 2833 ἄλγε’
2069 2752 2313 2818 ἔδωκεν

295 2857 367 2923 έκ
410 2856 708 2940 πασέων,
755 2857 949 2922 ὅσσαι
994 2881 1108 2942 μοι
1154 2858 1322 2942 ὁμοῦ
1367 2858 1622 2943 τράφεν
1667 2854 1786 2940 ἡδὲ
1830 2855 2135 2940 γένοντο·

292 2963 332 3047 ἣ
379 2960 539 3048 πρὶν
583 2959 705 3048 μὲν
749 2965 950 3028 πόσιν
973 2962 1246 3051 ,ἐσθλὸν
1291 2962 1598 3028 ἀπώλεσα
1641 2961 2095 3047 θυμολέοντα,

290 3071 610 3154 παντοίῃς
654 3067 924 3154 ἀρετῇσι
966 3066 1374 3153 κεκασμένον
1419 3068 1493 3134 έν
1536 3073 1913 3134 Δαναοῖσιν
2209 3085 2310 3134 725

295 3173 599 3257 [έσθλόν,
626 3183 748 3240 τοῦ
773 3173 963 3251 κλέος
990 3174 1154 3260 εὐρὺ
1180 3170 1338 3240 καθ’
1363 3171 1647 3240 Ἑλλάδα
1663 3172 1775 3240 καὶ
1798 3173 2003 3259 μέσον
2014 3172 2279 3261 Ἄργος]
2294 3194 2311 3211 ·

291 3289 419 3345 νῦν
463 3274 550 3346 αὖ
593 3277 777 3346 παῖδ’
829 3279 1167 3364 ἀγαπητὸν
1212 3279 1657 3365 ἀνηρείψαντο
1700 3280 1983 3345 θύελλαι

291 3384 490 3451 ἀκλέα
535 3383 609 3450 έκ
651 3385 988 3472 μεγάρων,
1036 3383 1182 3451 οὐδ’
1236 3384 1649 3471 ὁρμηθέντος
1694 3387 1964 3451 ἄκουσα.

289 3489 610 3577 σχέτλιαι,
656 3487 805 3556 οὐδ’
856 3490 1045 3576 ὑμεῖς
1087 3512 1210 3578 περ
1257 3489 1359 3557 ἐνὶ
1403 3488 1601 3575 φρεσὶ
1644 3489 1856 3556 θέσθε
1904 3489 2138 3575 ἑκάστη
