2646 3932
359 220 446 285 52
1113 219 1530 272 ΟΔΤΣΣΕΙΔΣ
1564 220 1628 271 Δ.

352 361 696 450 Ἀργείων,
742 364 807 429 εί
846 373 1013 428 νῶιν
1058 360 1252 447 ὑπεὶρ
1298 362 1426 426 ἅλα
1468 364 1714 427 νόστον
1758 361 2005 426 ἔδωκεν

358 467 558 554 νηυσὶ
600 474 808 554 θοῇσι
852 465 1169 550 γενέσθαι
1207 464 1557 552 Ὀλύμπιος
1602 466 1898 552 εὐρύοπα
1945 467 2130 544 Ζεύς.

359 576 477 641 καί
513 572 592 640 κέ
635 575 707 640 οί
729 572 961 660 ’Ἄργεϊ
999 574 1215 638 νάσσα
1257 576 1456 638 πόλιν
1498 571 1611 638 καὶ
1656 569 1901 657 δώματ’
1956 572 2212 655 ἔτευξα,

361 680 427 760 ἐξ
467 679 732 765 Ἰθάκης
778 679 1046 763 ἀγαγὼν
1091 682 1220 745 σὺν
1263 681 1548 763 κτήμασι
1590 676 1702 744 καὶ
1746 676 1924 744 τέκει·
1964 669 2017 766 ᾧ
2281 695 2384 743 1⁷5

360 784 471 853 καὶ
515 796 720 852 πᾶσιν
765 790 1014 869 λαοῖσι,
1061 787 1221 869 μίαν
1264 787 1464 850 πόλιν
1508 782 1939 867 ἐξαλαπάξας,

361 895 438 958 αἳ
476 892 1082 979 περιναιετάουσιν,
1129 889 1535 956 ἀνάσσονται
1581 887 1644 956 δ’
1697 888 1846 974 ἐμοὶ
1890 890 2086 978 αὐτῷ.

360 1000 479 1064 καί
505 1021 579 1064 κε
614 994 782 1082 θάμ’
825 993 1060 1063 ἐνθάδ’
1104 994 1323 1073 ἐόντες
1360 992 1770 1081 ἐμισγόμεθ’·
1816 995 1981 1061 οὐδέ
2020 1019 2136 1061 κεν
2180 995 2386 1081 ἡμέας

363 1105 523 1171 ἄλλο
571 1102 903 1190 διέκρινεν
947 1100 1259 1188 φιλέοντέ
1298 1124 1370 1168 τε
1414 1100 1794 1188 τερπομένω
1839 1125 1940 1185 τε,

361 1211 522 1296 πρίν
554 1206 621 1293 γ’
664 1209 771 1275 ὅτε
800 1209 882 1292 δὴ
910 1208 1235 1274 θανάτοιο
1263 1206 1470 1292 μέλαν
1497 1204 1703 1292 νέφος
1740 1206 2230 1292 ἀμφεκάλυψεν.
2280 1225 2384 1274 180

363 1314 530 1381 ἀλλὰ
571 1315 653 1380 τὰ
696 1312 819 1399 μέν
864 1335 996 1379 που
1040 1312 1278 1399 μέλλεν
1323 1313 1739 1396 ἀγάσσεσθαι
1781 1315 1944 1391 θεὸς
1988 1314 2215 1398 αὐτός,

363 1420 437 1499 ὃς
478 1430 706 1487 κεῖνον
752 1421 1086 1504 δύστηνον
1130 1418 1492 1503 ἀνόστιμον
1537 1414 1685 1485 οἷον
1730 1420 2037 1503 ἔθηκεν.“

452 1522 542 1605 ὥς
586 1527 790 1612 φάτο,
834 1536 1008 1591 τοῖσι
1055 1521 1129 1592 δὲ
1171 1535 1378 1590 πᾶσιν
1419 1522 1540 1610 ὑφ’
1593 1526 1824 1609 ἵμερον
1870 1520 2041 1610 ὦρσε
2089 1529 2293 1610 γόοιο.

363 1637 547 1699 κλαῖε
591 1628 713 1717 μὲν
750 1630 1008 1718 Ἀργείη
1046 1628 1308 1715 Ἑλένη,
1355 1631 1523 1708 Διὸς
1566 1629 1950 1715 ἐκγεγαυῖα,

363 1743 548 1804 κλαῖε
597 1734 671 1805 δὲ
725 1736 1099 1823 Τηλέμαχός
1142 1761 1214 1803 τε
1257 1735 1369 1803 καὶ
1408 1734 1742 1823 Ἀτρεΐδης
1785 1735 2157 1816 Μενέλαος·
2278 1757 2381 1806 185

365 1841 511 1910 οὐδ’
564 1845 692 1930 ἄρα
735 1843 1076 1929 Νέστορος
1118 1843 1266 1920 υίὸς
1310 1842 1657 1929 ἀδακρύτω
1704 1845 1852 1927 ἔχεν
1897 1844 2080 1910 ὄσσε·

364 1951 657 2035 μνήσατο
700 1950 828 2037 γὰρ
872 1949 1038 2016 κατὰ
1079 1950 1306 2035 θυμὸν
1354 1947 1691 2034 ἀμύμονος
1728 1945 2161 2035 Ἀντιλόχοιο,

363 2059 482 2122 τόν
527 2054 588 2144 ῤ’
634 2054 834 2134 Ἠοῦς
877 2060 1122 2123 ἔκτεινε
1167 2064 1446 2141 φαεινῆς
1491 2054 1734 2138 ἀγλαὸς
1776 2056 1950 2134 υίός·

364 2171 485 2228 τοῦ
532 2162 570 2228 ὅ
613 2160 677 2245 γ’
730 2160 1161 2248 ἐπιμνησθεὶς
1205 2164 1363 2228 ἔπεα
1410 2159 1743 2247 πτερόεντ’
1797 2160 2145 2245 ἀγόρευεν·

366 2265 731 2355 ,,Ἀτρεΐδη,
776 2267 928 2355 περὶ
970 2267 1092 2353 μέν
1136 2285 1210 2334 σε
1255 2270 1517 2353 βροτῶν
1559 2266 1983 2352 πεπνυμένον
2028 2265 2198 2334 εἶναι
2284 2287 2383 2336 190

366 2373 645 2461 Νέστωρ
692 2372 892 2459 φάσχ’
946 2373 983 2440 ὁ
1027 2372 1273 2459 γέρων,
1321 2369 1418 2438 ὅτ’
1471 2371 2002 2457 ἐπιμνησαίμεθα
2046 2385 2214 2440 σεῖο·

371 2472 575 2563 [οἷσιν
621 2478 722 2546 ἐνὶ
768 2480 1143 2565 μεγάροισι,
1188 2477 1300 2546 καὶ
1347 2477 1674 2561 ἀλλήλους
1717 2476 2035 2566 ἐρέοιμεν]

365 2583 477 2652 καὶ
519 2596 677 2670 νῦν,
733 2592 802 2652 εἴ
836 2589 908 2651 τί
944 2607 1078 2652 που
1122 2588 1291 2668 ἔστι,
1337 2586 1570 2650 πύθοιό
1615 2604 1758 2669 μοι·
1831 2584 1915 2650 οὐ
1958 2586 2086 2671 γὰρ
2134 2586 2261 2669 ἐγώ
2307 2611 2382 2671 γε

365 2690 634 2778 τέρπομ’
689 2692 1096 2779 ὀδυρόμενος
1140 2691 1609 2777 μεταδόρπιος,
1656 2689 1823 2756 ἀλλὰ
1866 2689 1979 2756 καὶ
2021 2692 2156 2775 ἠὼς

367 2801 626 2864 ἔσσεται
669 2796 1031 2883 ἠριγένεια·
1091 2798 1515 2881 νεμεσσῶμαί
1550 2819 1627 2880 γε
1671 2792 1793 2880 μὲν
1840 2793 2040 2862 οὐδὲν
2281 2815 2381 2864 195

366 2907 649 2988 κλαίειν,
696 2903 769 2980 ὃς
812 2926 885 2969 κε
930 2903 1182 2988 θάνῃσι
1227 2904 1488 2988 βροτῶν
1530 2899 1644 2967 καὶ
1686 2904 1941 2986 πότμον
1985 2901 2243 2988 ἐπίσπῃ.

366 3012 564 3076 τοῦτό
607 3034 695 3075 νυ
739 3006 850 3075 καὶ
893 3007 1091 3093 γέρας
1137 3003 1284 3073 οἷον
1329 3006 1652 3092 ὀιζυροῖσι
1694 3009 2067 3093 βροτοῖσιν,

365 3118 727 3203 κείρασθαί
761 3138 832 3180 τε
876 3117 1090 3199 κόμην
1133 3112 1398 3198 βαλέειν
1441 3110 1501 3177 τ’
1554 3110 1681 3178 ἀπὸ
1730 3113 1944 3198 δάκρυ
1988 3124 2295 3198 παρειῶν.

368 3220 478 3290 καὶ
520 3223 648 3308 γὰρ
695 3220 850 3306 ἐμὸς
892 3219 1218 3304 τέθνηκεν
1263 3218 1614 3303 ἀδελφεός,
1661 3219 1745 3284 οὔ
1789 3242 1854 3284 τι
1898 3220 2203 3296 κάκιστος

363 3327 700 3415 Ἀργείων·
744 3324 1001 3412 μέλλεις
1047 3322 1120 3391 δὲ
1166 3328 1252 3391 σὺ
1299 3325 1588 3410 ἴδμεναι·
1634 3323 1719 3390 οὐ
1761 3326 1889 3411 γὰρ
1936 3323 2064 3407 ἐγώ
2108 3347 2185 3408 γε
2284 3339 2384 3390 200

369 3431 600 3519 ἤντησ’
653 3430 813 3500 οὐδὲ
859 3433 1039 3499 ἴδον·
1084 3430 1237 3518 περὶ
1283 3429 1346 3497 δ’
1399 3431 1619 3497 ἄλλων
1664 3428 1832 3515 φασὶ
1875 3429 2192 3513 γενέσθαι

364 3539 772 3626 Ἀντίλοχον,
816 3537 969 3626 πέρι
1013 3533 1135 3623 μὲν
1178 3539 1396 3604 θείειν
1440 3539 1648 3622 ταχὺν
1691 3533 1812 3619 ἠδὲ
1858 3536 2219 3622 μαχητήν.“
