2646 3932
1050 165 1467 216 οΔΤΣΣΕῙΑΣ
1503 167 1596 219 xl.
2192 167 2319 232 179

302 306 585 389 εῖσιδον,
630 305 672 389 ἣ
720 306 803 390 δὴ
850 306 1061 391 φάσκε
1110 308 1533 372 Ποσειδάωνι
1578 316 1880 392 μιγῆναι,

300 413 418 476 καί
457 408 519 497 ῤ’
571 414 791 477 ἔτεκεν
837 412 962 477 δύο
1005 412 1233 495 παῖδε,
1278 415 1702 497 μινυνθαδίω
1750 411 1823 480 δὲ
1867 413 2230 499 γενέσθην,

294 507 488 582 Ὦτόν
533 514 591 582 τ’
646 515 962 583 ἀντίθεον
1004 520 1421 602 τηλεκλειτόν
1463 516 1522 584 τ’
1569 517 1956 606 Ἐφιάλτην,

302 622 420 701 οὓς
465 625 547 707 δὴ
595 625 950 707 μηκίστους
993 622 1206 709 θρέψε
1255 625 1563 711 ζείδωρος
1606 626 1860 712 ἄρουρα

300 727 411 794 καὶ
452 733 625 796 πολὺ
669 733 1059 807 καλλίστους
1103 730 1265 815 μετά
1307 753 1384 813 γε
1427 732 1673 796 κλυτὸν
1712 729 2023 819 Ὠρίωνα·
2215 752 2318 801 310

300 833 613 922 ἐννέωροι
656 837 785 922 γὰρ
830 837 942 901 τοί
977 858 1053 919 γε
1097 834 1210 901 καὶ
1253 835 1683 921 ἐννεαπήχεες
1725 833 1898 921 ἦσαν

299 935 521 1028 εὖρος,
569 942 731 1028 ἀτὰρ
778 943 982 1026 μῆκός
1026 964 1101 1023 γε
1146 940 1481 1027 γενέσθην
1524 942 1953 1029 ἐννεόργυιοι.

299 1048 370 1112 οἵ
409 1048 494 1134 ῥα
537 1045 648 1112 καὶ
693 1046 1133 1112 ἀθανάτοισιν
1182 1047 1539 1132 ἀπειλήτην
1584 1047 1658 1113 ἐν
1697 1045 1998 1139 Ὀλύμπῳ

298 1153 635 1238 φυλόπιδα
680 1155 949 1236 στήσειν
992 1154 1352 1231 πολυάικος
1399 1152 1731 1237 πολέμοιο.

284 1256 534 1323 Ὄσσαν
561 1255 661 1323 ἐπ’
691 1257 1026 1346 Οὐλύμπῳ
1054 1257 1354 1343 μέμασαν
1379 1257 1610 1343 θέμεν,
1629 1259 1837 1344 αὐτὰρ
1857 1258 1956 1325 ἐπ’
1975 1259 2181 1347 Ὄσσῃ
2209 1277 2313 1327 315

299 1366 557 1447 Πήλιον
602 1365 1106 1448 εἰνοσίφυλλον,
1153 1362 1243 1429 ἵν’
1296 1364 1585 1450 οὐρανὸς
1629 1364 1918 1449 ἀμβατὸς
1963 1372 2082 1451 εἴη.

295 1472 412 1535 καί
447 1470 535 1535 νύ
577 1493 693 1535 κεν
738 1467 1185 1553 ἐξετέλεσσαν,
1232 1471 1296 1535 εί
1337 1470 1504 1554 ἥβης
1548 1469 1790 1557 μέτρον
1835 1472 2086 1537 ἵκοντο·

296 1573 437 1640 ἀλλ’
491 1575 721 1640 ὄλεσεν
766 1575 934 1651 Διὸς
978 1576 1154 1658 υἱός,
1200 1574 1283 1641 ὃν
1327 1576 1620 1660 ἠύκομος
1662 1575 1806 1643 τέκε
1851 1579 2080 1661 Λητώ,

295 1679 676 1767 ἀμφοτέρω,
722 1685 882 1766 πρίν
928 1696 1149 1765 σφωιν
1193 1681 1323 1746 ὑπὸ
1371 1682 1806 1766 κροτάφοισιν
1852 1685 2120 1763 ἰούλους

297 1787 590 1871 ἀνθῆσαι
634 1786 925 1851 πυκάσαι
969 1808 1039 1851 τε
1084 1784 1283 1869 γένυς
1328 1785 1602 1852 ἐυανθέι
1648 1788 1873 1874 λάχνῃ.
2206 1808 2310 1858 320

386 1893 688 1980 Φαίδρην
730 1914 802 1957 τε
851 1893 1151 1978 Πρόκριν
1193 1914 1265 1958 τε
1313 1894 1463 1958 ἴδον
1506 1896 1718 1978 καλήν
1760 1892 1818 1958 τ’
1864 1893 2246 1983 Ἀριάδνην,

291 2001 542 2087 κούρην
586 2001 863 2074 Μίνωος
907 1997 1349 2086 ὀλοόφρονος,
1394 2001 1481 2083 ἤν
1524 2021 1680 2066 ποτε
1729 2005 1984 2086 Θησεὺς

293 2106 365 2172 ἐκ
409 2108 674 2192 Κρήτης
720 2103 788 2181 ἐς
831 2106 1083 2186 γουνὸν
1121 2103 1471 2189 Ἀθηνάων
1518 2107 1758 2191 ἱεράων

290 2207 408 2295 ἦγε
454 2209 605 2296 μέν,
652 2208 800 2276 οὐδ’
854 2209 1172 2295 ἀπόνητο·
1219 2213 1429 2299 πάρος
1474 2211 1555 2278 δέ
1593 2237 1708 2297 μιν
1736 2211 2039 2300 ’Ἀρτεμις
2081 2218 2233 2281 ἔκτα

290 2319 426 2404 Δίῃ
471 2316 545 2382 ἐν
589 2315 926 2402 ἀμφιρύτῃ
971 2318 1321 2391 Διονύσου,
1366 2320 1822 2404 μαρτυρίῃσιν.
2202 2339 2305 2389 325

375 2422 653 2509 Μαῖράν
686 2445 756 2487 τε
785 2420 1143 2506 Κλυμένην
1176 2446 1247 2489 τε
1285 2424 1437 2496 ῖδον
1473 2427 1798 2510 στυγερήν
1822 2422 1882 2488 τ’
1911 2419 2304 2513 Ἐριφύλην,

287 2529 328 2613 ἣ
374 2529 626 2615 χρυσὸν
672 2530 876 2613 φίλου
922 2527 1165 2613 ἀνδρὸς
1208 2526 1472 2607 ἐδέξατο
1516 2533 1844 2614 τιμήεντα.

286 2636 499 2712 πάσας
544 2627 607 2699 δ’
658 2633 782 2699 οὐκ
826 2632 911 2698 ἂν
954 2633 1082 2716 ἐγὼ
1128 2635 1518 2718 μυθήσομαι
1562 2633 1710 2701 οὐδ’
1763 2636 2098 2722 ὀνομήνω,

287 2742 488 2818 ὅσσας
530 2738 771 2826 ἡρώων
817 2739 1097 2824 ἀλόχους
1143 2741 1293 2805 ῖδον
1338 2736 1458 2822 ἠδὲ
1501 2741 1869 2827 θύγατρας·

286 2845 444 2933 πρὶν
470 2846 598 2931 γάρ
623 2853 742 2911 ’κεν
767 2843 879 2910 καὶ
905 2845 1027 2925 νὺξ
1056 2843 1246 2930 φθῖτ’
1282 2845 1626 2929 ἄμβροτος.
1688 2846 1854 2912 ἀλλὰ
1881 2846 1990 2914 καὶ
2021 2850 2158 2936 ὥρη
2197 2867 2301 2917 330

287 2951 536 3035 εὕδειν,
582 2950 623 3035 ἢ
671 2949 779 3017 ἐπὶ
823 2959 953 3035 νῆα
995 2951 1175 3034 θοὴν
1221 2949 1485 3016 ἐλθόντ’
1537 2951 1605 3029 ἐς
1651 2951 1950 3037 ἑταίρους

287 3057 326 3142 ἢ
373 3057 605 3124 αὐτοῦ·
650 3058 874 3142 πομπὴ
924 3054 998 3123 δὲ
1041 3063 1231 3133 θεοῖς
1274 3057 1437 3141 ὑμῖν
1478 3080 1550 3124 τε
1595 3061 1925 3144 μελήσει.“

374 3158 462 3240 ὥς
515 3162 747 3248 ἔφαθ’,
803 3165 875 3230 οἱ
916 3162 978 3229 δ’
1030 3165 1159 3250 ἄρα
1203 3164 1444 3242 πάντες
1488 3163 1656 3249 ἀκὴν
1701 3163 2008 3248 ἐγένοντο
2056 3179 2299 3255 σιωπῇ,

282 3274 602 3357 κηληθμῷ
651 3266 713 3334 δ’
765 3272 1036 3354 ἔσχοντο
1080 3270 1246 3335 κατὰ
1291 3268 1544 3355 μέγαρα
1590 3272 1908 3336 σκιόεντα.

281 3386 497 3440 τοῖσιν
541 3371 603 3439 δ’
649 3371 883 3460 ’Λρήτη
930 3376 1336 3453 λευκώλενος
1378 3377 1613 3460 ἤρχετο
1659 3376 1926 3460 μύθων·
2193 3394 2298 3444 3Βὸ

282 3481 645 3566 ,,Φαίηκες,
691 3491 830 3558 πῶς
874 3481 1083 3566 ὔμμιν
1129 3482 1297 3568 ἀνὴρ
1346 3480 1458 3547 ὅδε
1509 3483 1816 3567 φαίνεται
1844 3476 2034 3617 *εἶναι

1767 3589 1832 3638 12
