2646 3932
409 179 534 244 188
1152 182 1570 234 ΟΔΤΣΣΕΙΑΣ
1611 183 1681 235 Δ.

403 323 638 390 ὁσσάκι
682 325 810 410 γαρ
857 318 1076 403 κύψει’
1127 324 1164 391 6
1210 323 1428 409 γέρων
1482 323 1693 390 πιέειν
1737 325 2133 408 μενεαίνων,
2323 339 2439 388 ⁶85

403 424 671 515 τοσσάχ’
721 430 905 517 ὕδωρ
952 424 1332 496 ἀπολέσκετ’
1384 428 1783 515 ἀναβροχέν,
1839 427 2010 514 ἀμφὶ
2065 426 2139 495 δὲ
2184 427 2441 496 ποσσὶν

403 546 560 618 γαῖα
605 534 882 620 μέλαινα
928 537 1247 621 φάνεσκε,
1292 538 1733 619 καταζήνασκε
1781 532 1856 602 δὲ
1902 536 2175 620 δαίμων.

405 640 685 727 δένδρεα
731 639 793 707 δ’
844 640 1214 726 ὑψιπέτηλα
1256 642 1423 706 κατὰ
1467 647 1722 726 κρῆθεν
1767 640 1873 725 χέε
1916 645 2204 728 καρπόν,

404 748 637 832 ὄγχναι
681 744 792 812 καὶ
837 745 1016 834 ῥοιαὶ
1059 745 1172 813 καὶ
1216 744 1452 830 μηλέαι
1499 744 1947 832 ἀγλαόκαρποι

404 852 635 918 συκέαι
677 875 747 918 τε
793 851 1106 939 γλυκεραὶ
1151 850 1263 919 καὶ
1308 851 1523 918 ἐλαῖαι
1566 855 2009 936 τηλεθόωσαι·
2325 872 2439 921 590

403 970 538 1023 τῶν
583 952 767 1025 ὁπότ’
819 953 1063 1024 ἰθύσει’
1117 957 1154 1024 6
1199 956 1416 1041 γέρων
1459 954 1567 1022 ἐπὶ
1609 956 1797 1043 χερσὶ
1842 960 2212 1044 μάσασθαι,

405 1065 521 1140 τὰς
567 1058 630 1129 δ’
680 1065 920 1150 ἄνεμος
965 1065 1277 1149 ῥίπτασκε
1321 1061 1475 1130 ποτὶ
1518 1062 1726 1148 νέφεα
1771 1068 2090 1131 σκιόεντα.

490 1168 602 1235 καὶ
647 1172 780 1255 μὴν
823 1174 1140 1255 Σίσυφον
1185 1172 1475 1236 εἰσεῖδον
1519 1168 1778 1256 κρατέρ’
1832 1166 2010 1254 ἄλγε’
2059 1174 2293 1256 ἔχοντα

405 1281 574 1341 λᾶαν
617 1277 1023 1360 βαστάζοντα
1067 1276 1399 1361 πελώριον
1444 1273 1912 1361 ἀμφοτέρῃσιν.

404 1378 445 1465 ἦ
491 1405 596 1448 τοι
641 1382 678 1449 6
724 1378 847 1466 μὲν
892 1384 1410 1467 σκηριπτόμενος
1452 1383 1681 1467 χερσίν
1723 1404 1795 1446 τε
1838 1384 2039 1447 ποσίν
2080 1405 2151 1447 τε
2324 1400 2434 1449 595

407 1492 575 1553 λᾶαν
621 1489 758 1552 ᾶνω
806 1488 1061 1553 ὤθεσκε
1107 1485 1259 1554 ποτὶ
1305 1489 1547 1571 λόφον·
1594 1481 1738 1552 ἀλλ’
1790 1486 1898 1552 ὅτε
1943 1487 2169 1572 μέλλοι

406 1594 614 1678 ἄκρον
657 1591 1121 1678 ὑπερβαλέειν,
1165 1587 1300 1657 τότ’
1353 1590 1848 1678 ἀποστρέψασκε
1892 1595 2212 1677 κραταιίς·

407 1694 594 1775 αὖτις
639 1701 860 1764 ἔπειτα
903 1696 1184 1763 πέδονδε
1230 1698 1578 1763 κυλίνδετο
1626 1702 1788 1775 λᾶας
1832 1697 2124 1782 ἀναιδής.

408 1804 617 1890 αὐτὰρ
665 1805 701 1870 ὅ
747 1799 812 1887 γ’
861 1802 954 1880 ἂψ
999 1804 1253 1869 ὤσασκε
1298 1806 1779 1888 τιταινόμενος,
1825 1804 1990 1868 κατὰ
2034 1798 2099 1869 δ’
2148 1804 2353 1892 ἱδρὼς

407 1912 634 1996 ἔρρεεν
679 1908 751 1976 ἐκ
795 1907 1077 1996 μελέων,
1120 1912 1312 1994 κονίη
1361 1904 1423 1975 δ’
1475 1909 1545 1976 ἐκ
1589 1910 1826 1995 κρατὸς
1871 1908 2168 1996 ὀρώρειν.
2325 1930 2433 1981 600

495 2019 614 2083 τὸν
661 2014 734 2083 δὲ
779 2014 917 2101 μετ’
970 2018 1316 2100 εἰσενόησα
1360 2019 1517 2100 βίην
1553 2012 2024 2101 Ἡρακληείην,

408 2124 717 2190 εἴδωλον·
763 2122 961 2199 αὐτὸς
1006 2118 1080 2187 δὲ
1126 2117 1264 2205 μετ’
1315 2121 1711 2187 ἀθανάτοισι
1753 2127 2020 2187 θεοῖσιν

406 2230 710 2317 τέρπεται
755 2227 829 2294 ἐν
872 2230 1115 2312 θαλίῃς
1158 2225 1269 2293 καὶ
1312 2230 1446 2311 ἔχει
1488 2229 1948 2312 καλλίσφυρον
1976 2226 2226 2312 ”Ηβην,

410 2337 641 2418 [παῖδα
686 2335 853 2410 Διὸς
897 2333 1209 2417 μεγάλοιο
1255 2330 1366 2398 καὶ
1395 2330 1609 2418 Ἥρης
1652 2334 2186 2418 χρυσοπεδίλου].

410 2440 579 2527 ἀμφὶ
628 2439 708 2506 δέ
745 2463 863 2525 μιν
904 2439 1154 2522 κλαγγὴ
1199 2438 1458 2504 νεκύων
1501 2432 1587 2520 ἦν
1633 2440 1892 2504 οἰωνῶν
1938 2439 2056 2521 ὥς,
2326 2457 2433 2507 605

409 2542 683 2614 πάντοσ’
735 2543 1180 2629 ἀτυζομένων·
1225 2542 1262 2609 6
1309 2537 1373 2608 δ’
1425 2542 1663 2629 ἐρεμνῇ
1707 2541 1899 2609 νυκτὶ
1945 2542 2203 2627 ἐοικώς,

409 2654 666 2738 γυμνὸν
708 2650 903 2730 τόξον
949 2652 1118 2734 ἔχων
1161 2646 1271 2714 καὶ
1317 2646 1425 2713 ἐπὶ
1467 2655 1798 2733 νευρῆφιν
1842 2648 2100 2733 ὀιστόν,
2187 2709 2190 2712 .

412 2760 638 2826 δεινὸν
680 2758 1096 2838 παπταίνων,
1142 2752 1270 2821 αἰεὶ
1315 2753 1623 2838 βαλέοντι
1668 2753 1911 2832 ἐοικώς.

412 2861 813 2949 σμερδαλέος
859 2861 938 2927 δέ
978 2861 1051 2926 οἰ
1090 2858 1261 2944 ἀμφὶ
1304 2858 1457 2946 περὶ
1502 2862 1862 2944 στήθεσσιν
1907 2860 2154 2947 ἀορτὴρ

411 2971 690 3056 χρύσεος
731 2964 818 3051 ἦν
860 2966 1189 3051 τελαμών,
1235 2967 1347 3031 ἵνα
1390 2964 1677 3032 θέσκελα
1721 2968 1880 3052 ἔργα
1924 2966 2223 3050 τέτυκτο,
2326 2987 2432 3035 610

413 3079 642 3164 ἄρκτοι
685 3072 743 3140 τ’
797 3073 1150 3160 ἀγρότεροί
1187 3094 1255 3137 τε
1302 3071 1457 3148 σύες
1500 3074 1789 3158 χαροποί
1823 3094 1894 3138 τε
1942 3071 2230 3156 λέοντες,

415 3183 694 3266 ὑσμῖναί
728 3204 799 3246 τε
845 3181 1044 3265 μάχαι
1088 3201 1159 3243 τε
1206 3179 1408 3262 φόνοι
1450 3171 1509 3241 τ’
1560 3177 2030 3264 ἀνδροκτασίαι
2072 3201 2161 3244 τε.

414 3289 502 3371 μὴ
545 3287 1028 3371 τεχνησάμενος
1070 3280 1224 3369 μηδ’
1278 3284 1439 3348 ἄλλο
1485 3305 1549 3347 τι
1592 3286 2007 3368 τεχνήσαιτο,

415 3393 489 3471 ὃς
531 3402 757 3458 κεῖνον
800 3395 1142 3475 τελαμῶνα
1188 3388 1262 3475 ἑῇ
1309 3388 1666 3470 ἐγκάτθετο
1708 3387 1922 3474 τέχνη.

415 3502 585 3582 ἔγνω
632 3496 693 3564 δ’
747 3491 890 3563 αὖτ’
943 3494 1043 3580 ἔμ’
1096 3495 1367 3578 ἐκεῖνος,
1413 3492 1551 3560 ἐπεὶ
1598 3496 1742 3560 ἴδεν
1786 3495 2261 3580 ὀφθαλμοῖσιν,
2328 3514 2433 3563 615
