2646 3932
1001 189 1401 247 SUMMARIA.
2078 192 2205 247 XIII

178 358 452 417 cinctum
495 357 559 416 in
603 358 813 417 urbem
858 362 921 418 et
969 360 1045 418 ad
1100 360 1274 419 aedes
1319 361 1558 421 Alcinoi
1612 362 1833 421 ducens
1887 362 2208 440 diligenter

180 446 472 507 admonet
511 439 805 529 (1—77).
898 447 993 507 Sic
1050 449 1213 508 solus
1266 448 1605 527 ingreditur
1660 449 1890 528 regiam
1947 449 2205 526 splendi-

181 535 429 594 dissime
459 537 749 613 ornatam,
776 534 882 594 ubi
917 536 1205 611 primores
1233 537 1576 596 Phaeacum
1611 540 2006 616 congregatos
2041 537 2207 598 videt

182 624 348 683 circa
390 623 613 684 Areten
649 623 942 702 reginam,
990 624 1088 684 cui
1132 624 1396 701 primum
1441 626 1766 703 supplicat,
1823 629 2008 704 atque
2045 625 2205 685 Alci·

183 731 391 790 noum,
421 712 528 789 qui
555 730 693 772 eum
719 712 979 788 hospitio
1008 713 1228 789 accipit
1253 714 1529 791 donaque
1556 715 1861 790 promittit
1887 717 1949 774 et
1974 733 2206 792 navem,

186 819 316 877 qua
367 800 712 877 propediem
764 800 828 859 in
886 802 1148 877 patriam
1205 801 1538 862 deducatur
1592 795 1659 884 (7
1669 798 1974 880 8—225).
2068 803 2207 862 Per-

185 891 473 949 contante
526 890 666 965 post
717 908 925 948 cenam
968 889 1175 967 Arete,
1231 890 1399 949 cuias
1454 893 1611 950 esset
1663 893 1725 951 et
1775 891 1936 951 unde
1979 894 2204 953 vestem

185 977 441 1037 haberet
475 976 832 1055 (agnoverat
858 977 1017 1037 enim
1045 970 1223 1061 eam),
1252 979 1462 1055 paucis
1497 980 1682 1039 refert
1710 999 1864 1056 quae
1903 979 2018 1039 sibi
2056 979 2207 1040 acci-

187 1066 407 1125 derant
460 1065 536 1124 ab
591 1063 830 1144 Ogygia
891 1066 1091 1125 insula
1142 1084 1335 1143 usque
1393 1067 1470 1126 ad
1528 1068 1833 1128 Scheriam
1895 1068 2210 1147 naviganti

190 1149 635 1232 (226—297);
687 1154 1029 1231 bonumque
1084 1156 1353 1214 animum
1404 1156 1622 1216 habere
1676 1157 1876 1216 iussus
1922 1157 2210 1217 suadente

189 1245 367 1303 nocte
414 1242 607 1320 quieti
650 1242 921 1302 concedit
965 1236 1397 1324 (298—347).

1114 1431 1293 1498 VIII.

328 1542 574 1603 Postero
638 1543 733 1603 die
796 1543 860 1603 in
922 1544 1163 1621 publico
1237 1545 1488 1605 concilio
1552 1547 1856 1606 consultat
1922 1544 2211 1605 Alcinous

196 1633 268 1690 de
322 1630 556 1706 hospite
602 1631 846 1691 domum
890 1632 1231 1693 deducendo
1276 1633 1693 1711 principesque
1738 1633 1951 1710 populi
1996 1635 2059 1692 et
2107 1633 2210 1693 flo-

194 1739 323 1779 rem
373 1719 707 1779 iuventutis
761 1720 839 1779 ad
883 1722 1092 1797 epulas
1136 1724 1314 1781 vocat
1357 1721 1452 1780 illi
1495 1722 1864 1798 praebendas
1912 1713 2209 1803 (1—45).

198 1806 421 1867 Statim
471 1807 717 1867 iuvenes
772 1809 1063 1869 adornata
1116 1809 1257 1869 navi
1310 1809 1375 1868 in
1427 1810 1656 1889 regiam
1710 1810 1948 1871 Alcinoi
2002 1829 2211 1871 conve-

198 1897 397 1974 niunt,
455 1915 574 1972 quo
630 1899 692 1955 et
743 1897 1116 1958 Demodocus
1171 1898 1418 1978 accitur,
1475 1899 1724 1959 canendi
1788 1898 1865 1958 ad
1919 1898 2212 1958 citharam

197 1985 427 2062 peritus
474 1978 857 2068 (46—103).
940 1987 1153 2047 Pransi
1198 2006 1402 2048 omnes
1446 1988 1763 2048 conferunt
1806 2007 1868 2048 se
1913 1988 1977 2046 in
2011 1988 2212 2048 forum

200 2074 276 2133 ad
319 2073 627 2151 gymnicos
671 2075 846 2135 ludos
890 2075 1217 2154 faciendos,
1279 2076 1499 2153 quibus
1543 2077 1748 2137 Ulixes
1792 2076 2104 2135 lacessitus
2150 2094 2211 2134 se

199 2162 494 2221 immiscet
546 2166 608 2222 et
660 2164 982 2223 certamine
1037 2164 1186 2225 disci
1227 2165 1418 2225 vincit
1463 2157 1891 2248 (104—255).
1981 2164 2210 2224 Deinde

201 2251 461 2310 saltatur
513 2270 550 2310 a
593 2251 910 2311 iuvenibus
955 2272 1216 2331 carmen,
1264 2253 1427 2330 quod
1470 2253 1845 2314 Demodocus
1890 2254 2097 2312 cantat
2140 2253 2211 2312 de

202 2338 503 2399 amoribus
556 2340 767 2399 Martis
821 2344 883 2400 et
925 2340 1199 2419 Veneris3
1254 2342 1439 2401 etiam
1492 2342 1742 2418 simplex
1795 2360 1982 2420 genus
2029 2341 2210 2400 salta-

202 2427 381 2488 tionis
427 2428 672 2487 additur
716 2420 1143 2510 (256—384).
1232 2430 1366 2489 Iam
1421 2432 1715 2507 parantur
1758 2430 1922 2488 Ulixi
1976 2430 2132 2489 dona
2178 2448 2214 2488 a

202 2516 569 2593 principibus
615 2518 676 2577 et
720 2518 1012 2597 Euryalo,
1061 2519 1166 2595 qui
1211 2539 1352 2578 eum
1396 2521 1575 2577 antea
1620 2519 1795 2578 dictis
1845 2518 2214 2594 lacessierat3

203 2624 339 2665 mox
381 2605 445 2663 in
489 2605 727 2666 Alcinoi
780 2606 1025 2665 aedibus
1078 2607 1273 2666 calida
1330 2608 1493 2667 lotus
1539 2607 1748 2684 epulas
1794 2606 1923 2666 adit
1968 2597 2035 2689 (3
2044 2609 2212 2667 85-

206 2684 379 2775 469).
470 2693 542 2752 In
594 2693 687 2752 his
731 2694 1105 2757 Demodocus
1159 2696 1230 2755 de
1286 2714 1442 2772 equo
1488 2695 1688 2775 ligneo
1734 2698 1798 2756 et
1839 2694 1941 2754 Ilii
1986 2694 2213 2755 excidio

206 2800 418 2841 canens
469 2782 637 2843 heroi
700 2783 1048 2844 memoriam
1110 2784 1433 2860 superioris
1486 2784 1765 2844 fortunae
1821 2786 1884 2843 et
1939 2783 2218 2843 lacrimas

206 2871 426 2946 movet3
471 2889 544 2929 ex
590 2890 709 2946 quo
762 2891 900 2931 eum
943 2873 1120 2950 rogat
1164 2872 1470 2950 AlcinouS,
1517 2875 1605 2950 ut,
1654 2872 1788 2949 quis
1835 2872 1916 2931 sit
1961 2874 2022 2931 et
2068 2890 2219 2949 quos

208 2976 376 3018 casus
419 2977 734 3035 perpessus
780 2959 876 3038 sit,
922 2963 1181 3036 exponat
1227 2953 1658 3043 (470—586).

1159 3166 1254 3231 IX

336 3274 637 3345 Quattuor
697 3277 835 3335 hinc
898 3277 1066 3336 libris
1131 3278 1335 3337 Ulixes
1408 3278 1571 3354 apud
1633 3278 1935 3338 Phaeacas
2009 3278 2222 3336 seriem

207 3363 552 3439 multiplicis
589 3366 804 3426 erroris
841 3366 937 3424 sui
974 3370 1227 3426 enarrat.
1293 3367 1509 3442 Itaque
1547 3367 1746 3444 refert,
1791 3367 1925 3443 quis
1964 3369 2026 3424 et
2062 3365 2221 3424 unde

209 3453 375 3512 domo
421 3453 502 3512 sit
548 3446 611 3534 (1
623 3445 853 3536 —38);
906 3457 980 3513 ut
1034 3454 1110 3513 ab
1156 3455 1270 3515 Ilio
1327 3455 1631 3531 profectus
1684 3455 1946 3531 primum
2002 3454 2079 3512 ad
2127 3451 2221 3512 ci-

208 3559 379 3601 conas
447 3542 752 3618 appulerit
815 3544 998 3619 atque
1072 3546 1419 3622 expugnata
1482 3562 1691 3604 eorum
1762 3542 1908 3602 urbe
1975 3542 2222 3617 Ismaro,
