2646 3932
354 201 481 266 156
1101 205 1518 257 ΟΔΤΣΣΕΙΑΣ
1553 206 1618 257 K

351 343 494 409 ἀλλ’
547 344 751 429 ἄγετ’,
799 341 957 433 ὄφρ’
1010 346 1084 413 ἐν
1127 345 1241 430 νηὶ
1284 354 1420 432 θοῇ
1466 350 1711 432 βρῶσίς
1755 371 1824 413 τε
1869 350 2063 425 πόσις
2103 371 2205 432 τε,

350 453 741 535 μνησόμεθα
784 452 1081 537 βρώμης,
1129 449 1297 536 μηδὲ
1341 454 1738 537 τρυχώμεθα
1784 455 1993 541 λιμςῑῖὸ.ι

439 551 528 634 ὧς
572 556 864 642 ἐφάμην,
911 558 983 622 οἱ
1023 553 1087 623 δ’
1139 553 1276 624 ὦκα
1323 558 1506 644 ἐμοῖς
1551 558 1808 626 ἐπέεσσι
1853 563 2169 643 πίθοντο,

352 662 423 728 ἐκ
469 659 544 728 δὲ
587 664 1041 748 καλυψάμενοι
1087 665 1266 749 παρὰ
1309 659 1453 729 θῖν’
1504 663 1661 742 ἁλὸς
1706 664 2090 751 ἀτρυγέτοιο

350 764 678 852 θηήσαντ’
728 771 1011 855 ἔλαφον·
1058 770 1232 854 μάλα
1275 772 1406 856 γὰρ
1450 768 1617 855 μέγα
1660 773 1908 855 θηρίον
1951 766 2087 854 ἦεν.
2273 790 2374 839 180

352 875 560 961 αὐτὰρ
607 873 748 941 ἐπεὶ
791 876 1135 960 τάρπησαν
1181 875 1508 962 ὁρώμενοι
1554 875 2038 961 ὀφθαλμοῖσιν,

351 991 571 1066 χεῖρας
612 981 965 1066 νιψάμενοι
1007 977 1301 1065 τεύχοντ’
1353 980 1659 1069 ἐρικυδέα
1706 983 1914 1047 δαῖτα.

440 1082 530 1164 ὧς
573 1089 721 1152 τότε
765 1083 888 1171 μὲν
931 1089 1195 1173 πρόπαν
1238 1083 1415 1173 ἦμαρ
1462 1087 1529 1164 ἐς
1571 1086 1798 1170 ἠέλιον
1842 1090 2215 1155 καταδύντα

352 1193 570 1277 ἤμεθα
617 1193 1006 1277 δαινύμενοι
1050 1191 1211 1278 κρέα
1254 1189 1312 1258 τ’
1365 1195 1612 1258 ἄσπετα
1654 1191 1766 1257 καὶ
1810 1191 1987 1276 μέθυ
2030 1195 2189 1278 ἡδύ·

353 1294 518 1383 ἦμος
564 1292 626 1363 δ’
675 1298 894 1381 ἠέλιος
937 1298 1180 1365 κατέδυ
1223 1299 1336 1365 καὶ
1381 1298 1488 1365 ἐπὶ
1530 1298 1780 1385 κνέφας
1822 1295 2064 1384 ἦλθεν,
2274 1318 2373 1368 185

356 1406 438 1488 δὴ
484 1407 632 1470 τότε
675 1404 1096 1489 κοιμήθημεν
1141 1404 1248 1471 ἐπὶ
1294 1406 1566 1491 ῥηγμῖνι
1608 1406 1968 1489 θαλάσσης.

354 1506 519 1595 ἦμος
565 1506 626 1575 δ’
676 1509 1012 1597 ἠριγένεια
1057 1512 1237 1596 φάνη
1284 1512 1776 1597 ῥοδοδάκτυλος
1813 1509 2013 1595 Ἠώς,

354 1615 465 1682 καὶ
507 1612 643 1681 τότ’
695 1616 866 1700 ἐγὼν
913 1616 1165 1703 ἀγορὴν
1208 1616 1492 1702 θέμενος
1536 1618 1695 1702 μετὰ
1737 1626 1942 1682 πᾶσιν
1986 1620 2233 1684 ἔειπον·

355 1720 682 1807 ,[κέκλυτέ
721 1746 845 1807 μευ
891 1723 1163 1806 μύθων,
1208 1725 1377 1788 κακά
1421 1746 1543 1808 περ
1586 1724 1949 1807 πάσχοντες
1995 1723 2294 1809 ἑταῖρον]

357 1825 408 1895 ὦ
455 1832 672 1915 φίλοι,
720 1828 802 1894 οὐ
846 1830 973 1915 γάρ
1018 1824 1077 1893 τ’
1129 1831 1350 1913 ἴδμεν,
1397 1830 1524 1915 ὅπῃ
1572 1832 1770 1915 ζόφος
1815 1824 1962 1896 οὐδ’
2013 1830 2141 1916 ὅπῃ
2185 1831 2348 1913 ἠώς,

357 1930 502 2001 οὐδ’
554 1935 681 2021 ὅπῃ
725 1933 944 2018 ἠέλιος
988 1938 1473 2024 φαεσίμβροτος
1518 1931 1641 2002 εἷσ’
1689 1935 1819 2002 ὑπὸ
1865 1945 2092 2020 γαῖαν,
2275 1953 2371 2002 191

357 2036 503 2107 οὐδ’
557 2042 685 2126 ὅπῃ
732 2040 1054 2107 ἀννεῖται·
1101 2042 1267 2107 ἀλλὰ
1312 2044 1715 2129 φραζώμεθα
1758 2048 2051 2125 θᾶσσον,

356 2154 424 2213 εῖ
458 2171 559 2225 τις
604 2143 694 2212 ἔτ’
747 2150 928 2213 ἔσται
972 2157 1176 2233 μῆτις.
1270 2148 1397 2232 ἐγὼ
1444 2143 1506 2213 δ’
1558 2148 1680 2214 οὐκ
1726 2154 1948 2232 οἴομαι
1993 2143 2179 2212 εἶναι.

356 2250 542 2321 εἶδον
586 2255 713 2339 γὰρ
762 2255 1042 2337 σκοπιὴν
1088 2254 1154 2331 ἐς
1198 2255 1692 2319 παιπαλόεσσαν
1737 2253 2042 2319 ἀνελθὼν

356 2369 598 2444 νῆσον,
645 2360 768 2442 τὴν
813 2358 964 2444 πέρι
1009 2363 1250 2437 πόντος
1295 2360 1625 2444 ἀπείριτος
1669 2359 2142 2445 ἐστεφάνωται·
2276 2376 2375 2425 195

358 2466 521 2549 αὐτὴ
573 2461 645 2530 δὲ
693 2467 1003 2549 χθαμαλὴ
1049 2478 1283 2531 κεῖται·
1307 2467 1585 2531 ,καπνὸν
1629 2459 1693 2531 δ’
1743 2463 1844 2530 ἐνὶ
1889 2463 2097 2551 μέσσῃ

359 2574 642 2658 ἔδρακον
689 2570 1100 2656 ὀφθαλμοῖσι
1149 2573 1259 2637 διὰ
1305 2572 1526 2656 δρυμὰ
1570 2573 1787 2636 πυκνὰ
1831 2569 1943 2636 καὶ
1986 2570 2198 2655 ὕλην(

447 2673 536 2754 ὥς
581 2676 871 2762 ἐφάμην,
916 2688 1132 2742 τοῖσιν
1179 2673 1251 2742 δὲ
1296 2677 1710 2759 κατεκλάσθη
1758 2678 1960 2761 φίλον
2002 2672 2167 2763 ἦτορ

359 2782 800 2870 μνησαμένοις
845 2786 1060 2868 ἔργων
1102 2785 1604 2868 Λαιστρυγόνος
1642 2777 2032 2867 Ἀντιφάταο

358 2892 723 2967 Κύκλωπός
764 2912 835 2955 τε
881 2892 1030 2974 βίης
1082 2887 1528 2974 μεγαλήτορος
1574 2887 2045 2973 ἀνδροφάγοιο.
2271 2906 2378 2955 200

357 3002 590 3062 κλαῖον
638 2992 710 3061 δὲ
756 2995 988 3079 λιγέως
1031 2997 1326 3080 θαλερὸν
1369 2996 1531 3059 κατὰ
1578 2994 1789 3079 δάκρυ
1834 2992 2120 3077 χέοντες·

360 3097 502 3167 ἀλλ’
554 3102 637 3167 οὐ
682 3102 809 3187 γάρ
854 3125 954 3178 τις
997 3099 1229 3188 πρῆξις
1275 3100 1567 3184 ἐγίγνετο
1614 3097 2104 3185 μυρομένοισιν.

360 3210 567 3294 αὐτὰρ
614 3208 740 3292 ἐγὼ
790 3209 942 3291 δίχα
986 3208 1237 3284 πάντας
1281 3203 1680 3291 ἐυκνήμιδας
1725 3204 2026 3289 ἑταίρους

359 3316 716 3402 ἠρίθμεον,
763 3312 969 3398 ἀρχὸν
1016 3309 1089 3379 δὲ
1135 3307 1273 3398 μετ’
1327 3308 1801 3396 ἀμφοτέροισιν
1847 3312 2130 3376 ὄπασσα·

358 3432 492 3485 τῶν
528 3417 649 3505 μὲν
686 3419 857 3504 ἐγὼν
891 3415 1131 3507 ἦρχον,
1166 3429 1301 3484 τῶν
1341 3413 1403 3482 δ’
1444 3418 1830 3503 Εὐρύλοχος
1866 3414 2188 3499 θεοειδής.
2273 3432 2377 3482 205

360 3525 645 3611 κλήρους
691 3520 752 3591 δ’
804 3526 876 3592 ἐν
919 3524 1124 3611 κυνέῃ
1168 3523 1481 3610 χαλκήρεϊ
1523 3525 1857 3607 πάλλομεν
1903 3517 2066 3587 ὦκα·
