2646 3932
351 164 480 229 150
1111 164 1527 216 οΔΤΣΣΕῙΑΣ
1563 165 1629 216 K.

347 307 492 392 ἑξῆς
537 304 598 373 δ’
652 305 945 391 ἑζόμενοι
987 306 1230 389 πολιὴν
1273 307 1401 372 ἅλα
1443 307 1692 373 τύπτον
1736 306 2045 393 ἐρετμοῖς.
2149 352 2154 355 -

435 416 636 480 ἔνθεν
681 409 756 479 δὲ
799 410 1099 499 προτέρω
1147 410 1433 497 πλέομεν
1478 412 1880 498 ἀκαχήμενοι
1923 407 2120 499 ἦτορ,
2270 431 2373 481 565

347 522 618 606 ἄσμενοι
665 518 738 585 ἐκ
780 519 1135 601 θανάτοιο,
1181 522 1425 603 φίλους
1469 516 1817 597 ὀλέσαντες
1862 517 2183 605 ἑταίρους.

949 939 1626 1018 ΟΔΤΣΣΕΙΑΣ
1677 942 1778 1018 Κ.

418 1204 531 1279 Τὰ
587 1207 787 1300 περὶ
838 1202 1176 1280 Αἰόλου
1227 1207 1372 1290 καὶ
1423 1202 2120 1299 Λαιστρυγόνων
2171 1209 2310 1278 καὶ

1191 1330 1546 1419 Κίρκης.

437 1477 723 1560 Αἰολίην
769 1472 831 1541 δ’
885 1473 952 1552 ἐς
993 1483 1205 1558 νῆσον
1250 1472 1609 1559 ἀφικόμεθ’
1629 1495 1646 1511 ·
1692 1476 1862 1542 ἔνθα
1909 1470 1971 1541 δ’
2022 1477 2242 1542 ἔναιεν

347 1586 594 1658 Αἴολος
629 1579 1048 1664 Ἱπποτάδης,
1096 1584 1292 1667 φίλος
1338 1581 1735 1647 ἀθανάτοισι
1778 1588 2073 1665 θεοῖσιν,

347 1691 570 1772 πλωτῇ
617 1683 718 1752 ἐνὶ
761 1688 973 1775 νήσῳ·
1018 1695 1239 1752 πᾶσαν
1286 1685 1366 1752 δέ
1404 1684 1480 1752 τέ
1521 1711 1638 1771 μιν
1682 1685 1833 1774 πέρι
1877 1700 2092 1773 τεῖχος

347 1793 627 1878 χάλκεον
673 1792 1034 1878 ἄρρηκτον,
1079 1792 1273 1875 λισσὴ
1323 1790 1386 1858 δ’
1439 1791 1848 1879 ἀναδέδρομε
1895 1793 2116 1881 πέτρη.

349 1907 469 1964 τοῦ
513 1896 625 1964 καὶ
670 1899 928 1964 δώδεκα
971 1899 1204 1977 παῖδες
1248 1894 1351 1963 ἐνὶ
1395 1899 1707 1985 μεγάροις
1748 1899 2098 1985 γεγάασιν,
2340 1919 2372 1969 5

347 2006 417 2086 ἓξ
461 2002 583 2091 μὲν
626 2004 1022 2092 θυγατέρες,
1066 2005 1135 2086 ἓξ
1182 2002 1243 2071 δ’
1294 2003 1469 2083 υἱέες
1512 1997 1869 2090 ἡβώοντες·

348 2110 495 2178 ἔνθ’
548 2111 585 2177 ὅ
630 2135 705 2195 γε
749 2110 1125 2197 θυγατέρας
1167 2113 1374 2196 πόρεν
1417 2111 1645 2177 υἱάσιν
1690 2120 1863 2178 εἰναι
1908 2112 2172 2190 ἀκοίτις.

349 2219 421 2283 οἱ
461 2211 523 2283 δ’
575 2214 706 2283 αἰεὶ
751 2218 929 2303 παρὰ
971 2214 1172 2302 πατρὶ
1217 2219 1392 2304 φίλῳ
1437 2215 1548 2282 καὶ
1594 2214 1825 2303 μητέρι
1868 2219 2071 2304 κεδνῇ

350 2326 729 2406 δαίνυνται,
775 2323 951 2408 παρὰ
995 2320 1076 2388 δέ
1118 2338 1282 2406 σφιν
1330 2321 1594 2387 ὀνείατα
1639 2325 1842 2409 μυρία
1886 2334 2124 2408 κεῖται,

349 2437 628 2512 κνισῆεν
673 2426 753 2494 δέ
792 2451 862 2493 τε
909 2428 1098 2512 δῶμα
1140 2431 1735 2512 περιστεναχίζεται
1779 2429 1948 2516 αὐλῇ
2307 2449 2373 2499 10

348 2537 591 2620 ἤματα·
635 2534 878 2610 νύκτας
924 2527 986 2598 δ’
1038 2526 1197 2598 αὖτε
1239 2530 1395 2618 παρ’
1449 2534 1709 2619 αἰδοίῃς
1755 2533 2095 2619 ἀλόχοισιν

349 2636 619 2707 εὔδουσ’
671 2641 745 2704 ἔν
788 2661 860 2704 τε
903 2639 1146 2723 τάπησι
1188 2637 1299 2704 καὶ
1346 2638 1420 2704 ἐν
1463 2649 1762 2725 τρητοῖσι
1804 2639 2123 2725 λέχεσσιν.

348 2743 460 2812 καὶ
505 2740 627 2830 μὲν
670 2755 805 2810 τῶν
852 2744 1175 2829 ἱκόμεσθα
1219 2747 1417 2810 πόλιν
1461 2742 1573 2810 καὶ
1620 2746 1888 2831 δώματα
1930 2748 2116 2813 καλά.

350 2861 525 2937 μῆνα
571 2848 645 2918 δὲ
689 2852 901 2917 πάντα
948 2854 1130 2936 φίλει
1173 2874 1253 2936 με
1298 2850 1410 2917 καὶ
1457 2850 1814 2937 ἐξερέεινεν
1857 2852 2124 2938 ἕκαστα,

339 2958 543 3025 Ἴλιον
583 2956 899 3043 Ἀργείων
942 2980 1014 3024 τε
1057 2956 1213 3035 νέας
1255 2956 1368 3023 καὶ
1411 2960 1656 3024 νόστον
1695 2956 2001 3045 Ἀχαιῶν·
2308 2978 2372 3026 15

348 3061 462 3130 καὶ
505 3059 627 3149 μὲν
673 3062 801 3147 ἐγὼ
847 3072 938 3154 τῷ
984 3064 1199 3128 πάντα
1242 3064 1408 3128 κατὰ
1453 3074 1695 3150 μοῖραν
1738 3063 2062 3145 κατέλεξα.

351 3164 495 3235 ἀλλ’
547 3169 657 3235 ὅτε
705 3169 786 3252 δὴ
833 3168 944 3235 καὶ
991 3167 1162 3251 ἐγὼν
1208 3168 1371 3234 ὁδὸν
1416 3168 1612 3255 ᾔτεον
1655 3166 1774 3254 ἠδὲ
1818 3170 2093 3237 κέλευον

348 3274 714 3360 πεμπέμεν,
761 3273 925 3341 οὐδέ
964 3299 1027 3340 τι
1072 3285 1290 3352 κεῖνος
1337 3274 1655 3359 ἀνήνατο,
1700 3285 1886 3362 τεῦχε
1933 3273 2008 3342 δὲ
2052 3276 2337 3362 πομπήν.

351 3382 521 3447 δῶκε
573 3379 653 3447 δέ
693 3378 760 3466 μ’
812 3380 1109 3467 ἐκδείρας
1154 3379 1362 3447 ἀσκὸν
1408 3382 1566 3465 βοὸς
1611 3380 1997 3468 ἐννεώροιο,

350 3489 520 3553 ἔνθα
568 3484 641 3552 δὲ
686 3488 994 3571 βυκτάων
1039 3484 1303 3571 ἀνέμων
1348 3486 1666 3572 κατέδησε
1710 3485 2027 3554 κέλευθα·
2307 3506 2376 3556 20

2117 3618 2151 3658 ι
