2646 3932
370 192 492 257 106
1114 193 1529 244 οΔΤΣΣΕΙΑΣ
1564 193 1635 245 Η.

363 330 634 420 κτήματ’
677 334 778 401 ἐνὶ
814 336 1158 420 μεγάροισι
1194 333 1392 419 γέρας
1426 329 1536 417 θ’,
1574 334 1612 400 ὅ
1638 356 1704 399 τι
1732 334 1939 417 δῆμος
1966 334 2237 399 ἔδωκεν·
2278 351 2379 400 150

364 442 571 527 αὐτὰρ
622 440 766 526 ἐμοὶ
811 443 1081 526 πομπὴν
1127 441 1434 527 ὀτρύνετε
1478 434 1739 527 πατρίδ’
1792 439 2054 505 ἱκέσθαι

363 555 654 630 θᾶσσον,
702 546 842 613 ἐπεὶ
887 549 969 631 δὴ
1017 549 1196 631 δηθὰ
1242 549 1460 631 φίλων
1505 547 1633 631 ὀξπο
1676 548 1940 631 πήματα
1982 547 2274 631 πάσχω.“

454 650 542 732 ὥς
588 656 791 720 εἰπὼν
836 649 977 720 κατ’
1030 648 1139 739 ἄρ’
1190 648 1348 732 ἕζετ’
1402 647 1503 718 ἐπ’
1556 652 1797 737 ἐσχάρῃ
1845 651 1918 717 ἐν
1962 656 2267 737 κονίῃσιν

364 763 497 846 πὰρ
543 764 732 846 πυρί·
780 761 852 826 οἰ
892 754 952 825 δ’
1011 760 1140 845 ἄρα
1183 760 1423 835 πάντες
1469 758 1636 842 ἀκὴν
1682 757 1988 841 ἐγένοντο
2035 769 2264 846 σιωπῇ.

366 863 487 944 ὀψὲ
536 863 609 932 δὲ
657 867 739 950 δὴ
781 864 1079 951 ’μετέειπε
1123 863 1341 950 γέρων
1385 862 1562 949 ἥρως
1601 859 1931 948 Ἐχένηος,
2280 883 2380 932 155

365 973 441 1051 ὃς
486 974 568 1057 δὴ
623 974 936 1056 Φαιήκων
980 971 1249 1056 ἀνδρῶν
1292 969 1807 1057 προγενέστερος
1849 966 1969 1055 ἦεν

365 1077 475 1145 καὶ
519 1079 766 1163 μύθοις
812 1076 1148 1160 ἐκέκαστο,
1194 1078 1443 1142 παλαιά
1485 1100 1554 1141 τε
1600 1076 1813 1141 πολλά
1857 1100 1926 1142 τε
1972 1079 2192 1156 εἰδώς·

367 1186 405 1252 ὅ
448 1200 613 1269 σφιν
659 1183 733 1249 ἐὺ
780 1181 1086 1267 φρονέων
1133 1182 1505 1267 ἀγορήσατο
1549 1180 1660 1247 καὶ
1703 1181 2067 1266 μετέειπεν·

368 1284 713 1374 ,,Ἀλκίνο’,
762 1289 844 1356 οὐ
888 1286 1010 1372 μέν
1054 1311 1159 1353 τοι
1203 1289 1356 1352 τόδε
1400 1288 1706 1370 κάλλιον,
1754 1284 1915 1354 οὐδὲ
1960 1273 2203 1374 ἐοικεῖ,

368 1397 587 1476 ξεῖνον
631 1391 752 1479 μὲν
796 1392 995 1478 χαμαὶ
1040 1388 1249 1476 ἧσθαι
1295 1387 1396 1458 ἐπ’
1449 1391 1691 1479 ἐσχάρῃ
1738 1392 1811 1458 ἐν
1854 1397 2187 1481 κονίῃσιν,
2282 1415 2385 1464 160

367 1503 510 1568 οἵδε
560 1497 633 1566 δὲ
681 1500 803 1564 σὸν
849 1505 1075 1583 μῦθον
1118 1496 1582 1582 ποτιδέγμενοι
1629 1502 2091 1583 ἰσχανόωνται·

368 1602 512 1674 ἄλλ’
567 1609 681 1689 ἄγε
730 1607 813 1690 δὴ
861 1606 1080 1685 ξεῖνον
1125 1601 1247 1689 μὲν
1292 1603 1401 1670 ἐπὶ
1445 1607 1706 1690 θρόνου
1752 1606 2173 1693 ἀργυροήλου

367 1706 552 1779 εἷσον
599 1713 999 1796 ἀναστήσας,
1046 1713 1130 1776 σὺ
1177 1707 1251 1777 δὲ
1295 1712 1654 1796 κηρύκεσσι
1700 1711 2014 1778 κέλευσον

368 1815 558 1885 οἶνον
603 1817 977 1902 ἐπικρῆσαι,
1026 1819 1137 1883 ἵνα
1180 1815 1291 1883 καὶ
1335 1815 1457 1882 Διὶ
1499 1822 1986 1907 τερπικεραύνῳ

367 1928 754 2010 σπείσομεν,
803 1924 875 2002 ὅς
917 1918 991 1990 θ’
1046 1921 1337 2009 ἱκέτῃσιν
1382 1918 1494 2008 ἅμ’
1546 1925 1904 1991 αἰδοίοισιν
1948 1924 2196 2011 ὀπηδεῖ.
2284 1945 2385 1996 165

369 2034 623 2118 δόρπον
671 2026 742 2095 δὲ
791 2030 980 2119 ξείνῳ
1026 2031 1224 2115 ταμίη
1274 2032 1445 2095 δότω
1494 2031 1693 2096 ἔνδον
1738 2029 2049 2097 ἐόντων.“
2081 2049 2163 2113 s

456 2136 663 2221 αὐτὰρ
711 2135 849 2201 ἐπεὶ
893 2139 969 2201 τό
1014 2130 1078 2219 γ’
1130 2131 1362 2203 ἄκουσ’
1416 2137 1597 2221 ἱερὸν
1641 2135 1838 2222 μένος
1878 2133 2262 2225 Ἀλκινόοιο,

367 2243 584 2327 χειρὸς
630 2240 798 2306 ἑλὼν
838 2237 1119 2325 Ὀδυσῆα
1173 2244 1508 2327 δαΐφρονα
1550 2246 2026 2328 ποικιλομήτην

370 2345 583 2434 ὦρσεν
631 2343 741 2412 ἀπ’
793 2346 1156 2432 ἐσχαρόφιν
1199 2345 1309 2413 καὶ
1357 2345 1463 2413 ἐπὶ
1507 2350 1768 2432 θρόνου
1813 2341 1949 2414 εἷσε
1994 2361 2306 2435 φαεινοῦ,

367 2453 522 2519 υίὸν
568 2451 943 2536 ἀναστήσας
989 2452 1378 2538 ἀγαπήνορα
1420 2453 1897 2539 Λαοδάμαντα,
2287 2475 2388 2525 170

370 2558 442 2636 ὅς
489 2559 559 2623 οἰ
599 2561 884 2641 πλησίον
931 2550 1051 2640 ἷζε,
1098 2558 1382 2641 μάλιστα
1428 2556 1508 2623 δέ
1547 2582 1663 2643 μιν
1708 2559 2068 2644 φιλέεσκεν.

369 2663 643 2750 χέρνιβα
689 2659 751 2729 δ’
804 2663 1178 2748 ἀμφίπολος
1222 2666 1488 2752 προχόῳ
1537 2662 1797 2748 ἐπέχευε
1844 2665 2143 2751 φέρουσα

368 2775 536 2855 καλῇ
583 2772 857 2855 χρυσείῃ
901 2764 1068 2853 ὑπὲρ
1116 2767 1471 2853 ἀργυρέοιο
1518 2768 1817 2854 λέβητος,

368 2878 700 2952 νίψασθαι
711 2894 749 2955 ·,
772 2874 949 2958 παρὰ
996 2869 1070 2938 δὲ
1118 2872 1350 2956 ξεστὴν
1397 2872 1711 2939 ἐτάνυσσε
1758 2876 2097 2960 τράπεζαν.

293 3038 297 3043 .
370 2991 558 3046 σῑτον
604 2974 665 3045 δ’
719 2980 939 3062 αἰδοίη
985 2981 1181 3061 ταμίη
1228 2977 1563 3063 παρέθηκε
1609 2977 1937 3065 φέρουσα,
2287 2999 2389 3048 175

369 3087 598 3152 εἴδατα
643 3079 832 3151 πόλλ’
887 3083 1192 3149 ἐπιθεῖσα
1236 3081 1625 3168 χαριζομένη
1671 3087 2072 3170 παρεόντων.

370 3192 577 3277 αὐτὰρ
624 3190 661 3256 ὁ
707 3201 857 3255 πῖνε
900 3187 1012 3256 καὶ
1056 3183 1228 3272 ἦσθε
1273 3190 1604 3266 πολύτλας
1651 3191 1795 3267 δῖος
1836 3185 2201 3269 Ὀδυσσεύς.

368 3294 480 3364 καὶ
522 3300 667 3363 τότε
713 3299 969 3381 κήρυκα
1013 3294 1315 3380 προσέφη
1363 3294 1560 3380 μένος
1599 3274 1994 3361 Ἀλκινόοιο·

371 3404 789 3493 ,,Ποντόνοε,
835 3409 1130 3488 κρητῆρα
1173 3402 1662 3487 κερασσάμενος
1707 3400 1884 3486 μέθυ
1929 3412 2162 3485 νεῖμον

368 3518 571 3575 πᾶσιν
619 3507 745 3572 ἀνὰ
791 3505 1113 3591 μέγαρον,
1160 3508 1272 3572 ἵνα
1315 3505 1428 3573 καὶ
1471 3504 1592 3572 Διὶ
1636 3508 2125 3597 τερπικεραύνῳ
2290 3522 2393 3574 180
