2646 3932
344 210 471 274 142
1097 216 1514 268 οΔΤΣΣωΣ
1550 218 1593 267 1.

339 355 458 438 ἤδε
504 353 586 429 δέ
623 380 737 440 μοι
779 358 944 424 κατὰ
986 360 1213 443 θυμὸν
1258 358 1492 445 ἀρίστη
1542 360 1818 443 φαίνετο
1864 359 2092 441 βουλή.

341 462 709 540 Κύκλωπος
752 465 881 550 γὰρ
927 467 1135 530 ἔκειτο
1181 462 1349 549 μέγα
1397 465 1692 551 ῥόπαλον
1736 464 1913 549 παρὰ
1960 471 2173 549 σηκῷ,

339 572 600 655 χλωρὸν
647 568 975 636 ἐλαΐνεον·
1020 572 1096 636 τὸ
1143 566 1265 655 μὲν
1311 573 1619 656 ἔκταμεν,
1665 570 1846 655 ὄφρα
1892 570 2136 653 φοροίη
2256 583 2360 632 320

341 673 657 741 αὐανθέν.
747 677 823 741 τὸ
870 672 993 762 μὲν
1039 677 1243 761 ἄμμες
1288 676 1595 761 ἐίσκομεν
1641 676 2071 757 εἰσορόωντες

341 780 547 847 ὅσσον
589 777 663 846 θ’
719 781 904 847 ἰστὸν
947 783 1109 865 νηὸς
1155 781 1556 867 ἐεικοσόροιο
1603 783 1944 867 μελαίνης,

343 888 660 973 φορτίδος
704 887 993 974 εὐρείης,
1039 888 1083 972 ἤ
1126 885 1184 953 τ’
1239 887 1523 975 ἐκπεράᾳ
1567 886 1733 972 μέγα
1779 891 2042 971 λαῖτμα·

340 994 585 1059 τόσσον
630 994 748 1076 ἔην
791 1002 1027 1078 μῆκος,
1071 995 1317 1060 τόσσον
1362 994 1569 1079 πάχος
1614 994 2068 1079 εἰσοράασθαι.

341 1109 463 1166 τοῦ
507 1096 629 1185 μὲν
665 1099 829 1164 ὅσον
862 1096 920 1166 τ’
973 1101 1253 1185 ὄργυιαν
1288 1099 1460 1182 ἐγὼν
1507 1098 1805 1178 ἀπέκοψα
1840 1098 2177 1184 παραστὰς
2256 1114 2360 1163 325

343 1205 454 1273 καὶ
498 1201 824 1292 παρέθηχ’
878 1202 1241 1291 ἑτάροισιν,
1288 1203 1615 1283 ἀποξῦσαι
1661 1201 1735 1271 δὲ
1779 1203 2076 1271 κέλευσα.

345 1314 416 1379 οἰ
457 1309 518 1378 δ’
574 1311 823 1396 ὁμαλὸν
865 1314 1181 1395 ποίησαν·
1228 1310 1356 1395 ἐγὼ
1405 1305 1468 1376 δ’
1520 1310 1786 1376 ἐθόωσα
1832 1311 2167 1397 παραστὰς

345 1421 584 1504 ἄκρον,
632 1418 812 1503 ἄφαρ
860 1412 934 1482 δὲ
980 1418 1204 1500 λαβὼν
1249 1415 1652 1503 ἐπυράκτεον
1699 1416 1772 1482 ἐν
1816 1414 1978 1503 πυρὶ
2023 1415 2252 1505 κηλέῳ.

344 1524 454 1591 καὶ
497 1525 572 1590 τὸ
620 1519 744 1608 μὲν
789 1516 865 1587 εὖ
910 1521 1242 1607 κατέθηκα
1286 1523 1710 1609 κατακρύψας
1753 1522 1883 1587 ὑπὸ
1928 1525 2183 1611 κόπρῳ,

344 1632 386 1715 ἤ
433 1631 517 1717 ῥα
559 1629 724 1695 κατὰ
770 1631 1040 1706 σπείους
1082 1627 1315 1713 κέχυτο
1362 1625 1589 1713 μεγάλ’
1641 1630 1849 1712 ἤλιθα
1892 1631 2131 1711 πολλή·
2258 1645 2362 1695 330

344 1736 554 1821 αὐτὰρ
597 1738 755 1812 τοὺς
799 1736 1042 1813 ἄλλους
1085 1737 1306 1823 κλήρῳ
1352 1735 1775 1801 πεπαλάσθαι
1820 1735 2114 1818 ἄνωγον,

345 1843 418 1920 ὅς
461 1865 562 1919 τις
604 1843 993 1924 τολμήσειεν
1039 1838 1184 1925 ἐμοὶ
1230 1843 1360 1906 σὺν
1404 1843 1652 1925 μοχλὸν
1699 1840 1923 1926 ἀείρας

344 1959 573 2035 τρῖψαι
618 1943 718 2014 ἐπ’
772 1947 1135 2036 ὀφθαλμῷ,
1182 1946 1290 2013 ὅτε
1336 1948 1455 2013 τὸν
1500 1949 1747 2032 γλυκὺς
1790 1947 2001 2025 ὕπνος
2047 1947 2281 2014 ἱκάνοι.

346 2056 416 2121 οἰ
456 2051 518 2118 δ’
570 2057 838 2139 ἔλαχον,
884 2057 1041 2130 τοὺς
1086 2054 1170 2118 ἄν
1213 2076 1287 2118 κε
1332 2051 1443 2118 καὶ
1486 2054 1738 2136 ἤθελον
1783 2055 1982 2131 αὐτὸς
2027 2052 2326 2138 ἑλέσθαι,

345 2160 685 2245 τέσσαρες,
733 2160 941 2246 αὐτὰρ
979 2158 1106 2241 ἐγὼ
1142 2158 1432 2243 πέμπτος
1466 2161 1627 2244 μετὰ
1662 2172 1878 2227 τοῖσιν
1915 2158 2210 2244 ἐλέγμην.
2257 2176 2361 2226 335

346 2265 645 2352 ἑσπέριος
692 2259 754 2331 δ’
804 2260 1017 2349 ἦλθεν
1061 2267 1443 2351 καλλίτριχα
1489 2270 1663 2350 μῆλα
1707 2266 2028 2350 νομεύων.

346 2373 580 2438 αὐτίκα
627 2368 689 2436 δ’
742 2373 837 2448 εἰς
882 2370 1044 2457 εὐρὺ
1091 2369 1289 2447 σπέος
1333 2372 1536 2454 ἤλασε
1580 2375 1780 2438 πίονα
1827 2377 2002 2456 μῆλα

344 2479 560 2544 πάντα
605 2474 785 2561 μάλ,
832 2474 998 2542 οὐδέ
1036 2499 1101 2541 τι
1147 2480 1327 2542 λεῖπε
1371 2480 1651 2561 βαθείης
1696 2480 1974 2543 ἔντοθεν
2020 2477 2256 2561 αὐλῆς,

223 2603 229 2609 ·
345 2585 387 2668 ἤ
433 2607 496 2649 τι
541 2583 919 2667 ὀισάμενος,
964 2580 1006 2665 ἢ
1051 2580 1161 2647 καὶ
1206 2583 1368 2659 θεὸς
1413 2578 1501 2660 ὥς
1545 2581 1901 2649 ἐκέλευσεν.

347 2689 556 2775 αὐταρ
603 2684 800 2755 ἔπειτ’
855 2686 1135 2771 ἐπέθηκε
1178 2689 1434 2774 θυρεὸν
1470 2688 1678 2773 μέγαν
1712 2685 1911 2766 ὑψόσ’
1956 2688 2210 2776 ἀείρας,
2257 2706 2362 2756 340

349 2794 651 2879 ἑζόμενος
696 2791 758 2860 δ’
810 2795 1093 2878 ἤμελγεν
1137 2795 1238 2871 ὄις
1280 2792 1393 2860 καὶ
1440 2796 1735 2879 μηκάδας
1782 2790 2001 2878 αἶγας,

347 2902 560 2966 πάντα
604 2901 768 2966 κατὰ
814 2910 1085 2986 μοῖραν,
1130 2897 1240 2965 καὶ
1285 2897 1398 2965 ὑπ’
1451 2903 1744 2987 ἔμβρυον
1788 2895 1949 2984 ἧκεν
1993 2900 2246 2986 ἑκάστῃ.

348 3007 556 3092 αὐτὰρ
604 3004 743 3071 ἐπεὶ
790 3006 871 3090 δὴ
921 3015 1162 3071 σπεῦσε
1208 3008 1667 3091 πονησάμενος
1711 3008 1791 3071 τὰ
1838 3005 1879 3071 ἃ
1925 3008 2116 3092 ἔργα,

349 3115 477 3178 σὺν
530 3108 593 3178 δ’
654 3112 692 3177 ὅ
734 3135 810 3195 γε
858 3112 940 3196 δὴ
986 3105 1142 3177 αὖτε
1190 3111 1331 3176 δύω
1378 3113 1640 3199 μάρψας
1680 3114 2055 3178 ὡπλίσσατο
2094 3113 2362 3199 δόρπον.

347 3216 456 3284 καὶ
501 3213 637 3283 τότ’
690 3217 817 3302 ἐγὼ
857 3218 1189 3283 Κύκλωπα
1234 3217 1636 3304 προσηύδων
1673 3220 1821 3303 ἄγχι
1857 3220 2223 3303 παραστάς,
2260 3235 2362 3285 345

348 3324 699 3408 κισσύβιον
743 3325 904 3409 μετὰ
948 3322 1176 3411 χερσὶν
1221 3325 1392 3408 ἔχων
1437 3323 1716 3408 μέλανος
1761 3331 2002 3389 οἴνοιο·

351 3432 698 3514 ,Κύκλωψ,
740 3438 854 3514 τῆ,
898 3434 1005 3496 πίε
1052 3426 1274 3514 οἶνον,
1322 3428 1462 3496 ἐπεὶ
1508 3429 1715 3514 φάγες
1761 3429 2094 3516 ἀνδρόμεα
2138 3427 2327 3517 κρέα,

350 3534 505 3623 ὄφρ’
559 3538 770 3622 εἰδῇς,
818 3528 966 3602 οἶόν
1009 3562 1071 3601 τι
1117 3538 1325 3602 ποτὸν
1368 3537 1519 3602 τόδε
1564 3544 1731 3619 νηῦς
1776 3534 2155 3601 έκεκεύθειν

2613 98 2627 671 -ῌΑ--ι-*ς--ι--ι-ῌ-ι-Α
