2646 3932
1085 182 1482 237 SUMMARIA.
2185 183 2286 237 XV

270 369 408 429 gere
442 350 749 428 haustum,
788 350 903 408 nisi
941 351 1108 426 prius
1138 350 1397 409 Tiresias
1432 352 1601 410 vates
1638 350 1775 409 inde
1811 350 2058 409 libasset
2082 342 2280 429 (23—

272 431 401 520 50).
495 439 764 497 Primum
813 439 986 498 obvio
1032 439 1319 514 Elpenori
1366 439 1738 514 sepulturam
1783 439 2110 514 promittit3
2155 441 2287 496 tum

270 529 523 586 matrem
579 526 744 586 videt
798 527 1163 602 Anticleam3
1209 546 1347 586 mox
1392 527 1699 604 Tiresiam,
1745 527 1917 586 cuius
1964 544 2147 587 causa
2189 544 2297 586 ve*

270 617 466 692 nerat,
513 634 585 674 ex
630 634 750 692 quo
804 615 1065 675 reditum
1111 633 1180 674 ac
1234 615 1500 692 reliquos
1545 615 1707 675 vitae
1762 633 1936 675 casus
1982 614 2289 693 cognoscit

272 695 666 785 (51—151);
714 724 786 763 ex
830 708 1037 781 matre,
1085 722 1239 780 quae
1285 704 1409 763 iam
1454 704 1531 762 ad
1575 703 1862 763 haustum
1906 703 2134 763 cruoris
2185 703 2285 762 ad-

269 792 552 869 mittitur,
598 793 904 852 fortunam
948 793 1159 852 domus
1197 810 1341 851 suae
1381 784 1819 873 (152—224):
1864 793 2067 868 plures
2104 791 2289 850 etiam

270 881 604 957 priscarum
667 881 831 939 videt
892 880 1226 958 heroidum,
1297 881 1482 958 Tyro,
1548 879 1875 957 Antiopen,
1944 879 2286 956 Alcmenen,

269 970 609 1047 Epicasten,
639 967 993 1046 Chloridem,
1028 967 1271 1046 Ledam,
1307 968 1718 1046 Iphimediam,
1756 969 2107 1045 Phaedram,
2143 968 2286 1028 Pro-

271 1058 516 1135 cridem,
562 1057 890 1135 Ariadnen,
937 1058 1229 1134 Maeram,
1277 1055 1628 1134 Clymenen,
1673 1057 2000 1133 Eriphylen
2037 1050 2281 1136 (225—

272 1139 447 1227 332).
538 1145 853 1205 Excitatus
907 1145 1116 1204 deinde
1174 1165 1211 1204 a
1255 1145 1626 1205 Phaeacibus
1682 1145 1759 1204 ad
1812 1145 2286 1221 persequendum

271 1253 601 1294 sermonem
638 1227 972 1313 (333-37
982 1226 1050 1315 6)
1086 1234 1294 1294 heroes
1333 1252 1590 1311 quoque,
1629 1253 1886 1310 quorum
1922 1234 2155 1293 animae
2192 1252 2285 1293 oc-

272 1322 591 1400 currerint,
654 1325 944 1399 recenset,
1013 1322 1524 1400 Agamemnonem
1595 1322 1665 1381 de
1739 1340 1850 1381 sua
1921 1341 2285 1399 suorumque

270 1411 446 1471 caede
493 1413 882 1486 exponentem
920 1402 1032 1492 (37
1042 1414 1076 1470 7
1091 1404 1352 1487 —466),
1398 1410 1710 1488 Achillem,
1755 1410 2118 1489 Patroclum,
2162 1411 2286 1470 An-

269 1500 584 1575 tilochum,
633 1499 878 1558 Aiacem
922 1499 1209 1558 maiorem
1254 1490 1691 1580 (467—567);
1740 1502 1979 1574 praeter
2022 1500 2131 1559 hos
2174 1499 2285 1558 Mi-

270 1594 444 1649 noem
480 1587 846 1646 iudicantem
872 1589 934 1646 et
958 1588 1116 1646 feras
1145 1589 1475 1646 sectantem
1504 1585 1812 1663 Orionem3
1848 1588 1996 1647 item
2023 1588 2285 1665 Tityum,

271 1677 623 1753 Tantalum,
681 1675 1006 1751 Sisyphum
1059 1675 1241 1734 variis
1297 1675 1608 1752 suppliciis
1662 1675 1986 1752 cruciatos3
2031 1676 2286 1753 denique

269 1765 594 1843 imaginem
638 1763 914 1824 Herculis
958 1755 1385 1845 (568—626).
1479 1763 1708 1833 Quibus
1753 1764 1915 1841 visiS,
1958 1764 2182 1840 partim
2228 1767 2290 1823 et

270 1854 607 1913 collocutus
653 1872 724 1911 ex
772 1850 1006 1912 Oceano
1053 1853 1360 1911 revehitur
1403 1852 1467 1910 in
1512 1853 1705 1911 altum
1753 1845 2180 1935 (627—640).

1203 2094 1349 2160 XII.

400 2207 696 2266 Reversus
751 2206 815 2265 in
859 2206 1122 2265 Aeaeam
1175 2206 1462 2285 insulam,
1516 2206 1832 2283 Elpenoris
1886 2227 2130 2284 corpore
2179 2208 2288 2266 hu·

268 2298 434 2355 mato
480 2288 788 2374 (1—15),
835 2314 872 2353 a
918 2293 1108 2371 Circe,
1155 2297 1229 2352 ut
1281 2295 1468 2354 evitet
1512 2296 1673 2354 mala
1717 2299 1938 2375 cetera,
1984 2297 2288 2372 edocetur3

268 2387 342 2442 ut
396 2383 634 2442 Sirenas
688 2385 1026 2460 praetereat
1079 2384 1272 2459 iisque
1329 2384 1634 2459 oppositos
1697 2385 1973 2460 scopulos
2035 2385 2289 2445 navibus

268 2473 545 2549 infestoS,
602 2474 664 2531 et
707 2472 963 2548 proximi
1008 2472 1148 2531 freti
1192 2473 1542 2547 portentosa
1594 2472 1863 2549 pericula
1912 2493 2048 2533 cum
2093 2475 2288 2552 gregi-

267 2561 380 2624 bus
435 2563 498 2619 et
552 2560 837 2620 armentis
885 2560 1236 2622 Thrinaciae
1300 2560 1465 2619 haud
1531 2561 1847 2639 tangendis
1904 2554 2286 2643 (16—141).

268 2650 437 2710 Bono
487 2648 686 2709 animo
733 2648 1071 2727 ingreditur
1107 2668 1286 2726 mare,
1337 2648 1614 2709 Sirenum
1649 2650 1894 2710 letalem
1928 2650 2289 2709 cantilenam

269 2737 443 2797 audit
484 2737 730 2813 impune
768 2729 1206 2815 (142—200)3
1253 2738 1531 2814 scopulos
1568 2737 1852 2798 erraticos
1887 2739 2287 2814 praetervehi-

268 2828 372 2885 tur
425 2828 486 2885 et
533 2823 897 2903 Charybdin,
953 2826 1096 2884 dum
1144 2825 1347 2901 Scylla
1401 2844 1503 2885 sex
1557 2826 1747 2886 socios
1803 2846 1833 2885 e
1879 2826 2022 2886 navi
2066 2826 2290 2903 abripit

270 2906 707 2995 (201—259):
761 2913 864 2974 sed
918 2913 992 2973 ab
1038 2913 1381 2990 Eurylocho
1427 2916 1490 2973 et
1531 2914 1779 2990 reliquis
1825 2915 2000 2975 sociis
2046 2918 2287 2975 coactus

270 3002 523 3079 appellit
569 3002 644 3060 ad
682 3003 1079 3080 Thrinaciam,
1123 3002 1230 3061 ubi
1274 3004 1631 3078 tempestate
1677 3003 1907 3061 diutius
1954 3004 2180 3063 detenti
2224 3005 2287 3063 in

268 3091 386 3150 cibi
439 3091 715 3168 penuria,
773 3092 999 3150 frustra
1051 3090 1401 3167 prohibente
1460 3091 1616 3168 ipso,
1672 3091 2051 3151 incustoditis
2096 3092 2286 3153 bobus

269 3179 425 3240 Solis
470 3199 590 3239 non
636 3182 893 3256 parcunt
938 3171 1270 3261 (260—37
1278 3176 1366 3253 3).
1459 3178 1630 3249 Quod
1673 3182 1747 3238 ut
1790 3180 2079 3256 comperit
2123 3181 2285 3260 deuS,

242 3269 563 3337 ‚ultionem
615 3268 864 3328 mandat
914 3268 1069 3345 Iovi,
1128 3267 1234 3345 qui
1287 3267 1502 3344 impios
1558 3268 1765 3327 statim
1810 3269 1953 3327 diris
1997 3269 2285 3348 prodigiis

269 3358 458 3416 terret
500 3349 937 3434 (374—3965,
997 3376 1135 3417 mox
1188 3356 1541 3433 navigantes
1587 3356 1838 3416 fulmine
1883 3358 2145 3433 percutit
2189 3378 2284 3417 ex-

269 3448 442 3521 cepto
505 3444 680 3504 Ulixe
748 3441 902 3522 (397
914 3448 1124 3505 —419
1141 3449 1154 3482 l
1172 3493 1187 3523 ,
1254 3444 1362 3522 qui
1423 3444 1757 3523 fragmento
1821 3446 2051 3505 lacerae
2115 3447 2284 3506 navis

270 3533 581 3593 inhaerens
627 3535 791 3593 solus
837 3535 915 3594 ad
960 3532 1260 3613 Ogygiam
1305 3534 1568 3593 insulam
1613 3533 1815 3593 evadit
1858 3527 2279 3615 (420—453).
