2646 3932
351 218 476 281 116
1099 218 1514 269 οΔΤΣΣΕῙΑΣ
1553 216 1620 271 Θ.

346 361 750 445 Δημοδόκου
798 359 860 425 δ’
913 359 1018 426 ἕλε
1064 371 1251 445 χεῖρα
1294 357 1406 425 καὶ
1450 360 1682 442 ἔξαγεν
1727 358 1800 425 ἐκ
1843 361 2159 444 μεγάροιο

345 467 578 552 κῆρυξ·
623 461 780 552 ἦρχε
829 462 904 532 δὲ
948 474 1039 554 τῷ
1088 465 1298 549 αὐτὴν
1345 464 1540 547 ὁδόν,
1586 465 1671 548 ἥν
1715 486 1838 550 περ
1885 466 1956 531 οί
1997 468 2185 531 ἄλλοι

355 574 668 655 Φαιήκων
713 572 784 637 os
824 572 1111 657 ἄριστοι,
1160 568 1398 636 ἀέθλια
1442 570 1952 655 θαυμανέοντες.
2015 645 2020 649 ,

346 678 477 761 βὰν
522 675 583 742 δ’
637 684 786 761 ἴμεν
821 679 916 754 είς
952 676 1237 762 ἀγορήν,
1284 677 1418 761 ἅμα
1455 670 1517 741 δ’
1561 675 1791 741 ἕσπετο
1828 679 2082 753 πουλὺς
2117 677 2373 761 ὅμιλος,

348 786 602 869 μυρίοι·
649 781 734 848 ἂν
779 777 842 848 δ’
893 783 1161 847 ἵσταντο
1206 780 1349 848 νέοι
1393 785 1637 847 πολλοί
1672 806 1743 847 τε
1788 780 1899 848 καὶ
1936 781 2185 848 ἐσθλοί.
2273 800 2375 847 110

350 884 521 973 ὦρτο
569 886 692 973 μὲν
730 886 1089 972 Ἀκρόνεώς
1132 910 1202 953 τε
1247 886 1360 953 καὶ
1400 882 1717 965 ’.Ωκκύαλος
1759 886 1871 953 καὶ
1911 885 2283 973 Ἐλατρεύς,

353 995 657 1071 Ναυτεύς
700 1017 771 1060 τε
813 994 1171 1080 Πρυμνεύς
1205 1016 1277 1059 τε
1312 992 1423 1058 καὶ
1454 988 1792 1077 Ἀγχίαλος
1826 993 1938 1060 καὶ
1967 992 2337 1080 Ἐρετμεύς,

352 1100 653 1177 Ποντεύς
695 1123 765 1165 τε
814 1099 1136 1185 Πρωρεύς
1179 1122 1281 1182 τε,
1333 1101 1530 1163 Θόων
1571 1096 2048 1183 Ἀναβησίνεώς
2090 1123 2161 1167 τε

346 1203 703 1289 Ἀμφίαλός
746 1203 821 1271 θ’
873 1206 1019 1282 υίὸς
1066 1207 1430 1288 Πολυνήου
1483 1206 1909 1271 Τεκτονίδαο·

351 1310 436 1376 ἂν
482 1307 555 1376 δὲ
601 1309 712 1377 καὶ
757 1310 1106 1396 Εὐρύαλος
1161 1313 1569 1398 βροτολοιγῷ
1619 1306 1761 1389 ἶσος
1788 1310 1981 1397 ’Ἀρηι
2272 1330 2373 1378 115

352 1417 810 1500 Ναυβολίδης,
856 1414 930 1492 ὃς
974 1416 1241 1501 ἄριστος
1285 1417 1404 1500 ἔην
1450 1411 1627 1493 εἶδός
1669 1439 1740 1482 τε
1787 1415 1986 1501 δέμας
2028 1441 2100 1484 τε

351 1523 619 1587 πάντων
670 1524 983 1606 Φαιήκων
1027 1520 1166 1607 μετ’
1220 1522 1527 1607 ἀμύμονα
1571 1523 2035 1607 Λαοδάμαντα.

354 1626 438 1693 ἂν
483 1622 546 1693 δ’
598 1630 795 1693 ἔσταν
838 1639 1013 1713 τρεῖς
1057 1630 1286 1705 παῖδες
1333 1627 1671 1713 ἀμύμονος
1710 1623 2101 1713 Ἀλκινόοιο,

354 1735 713 1817 Λαοδάμας
755 1731 828 1799 θ’
865 1732 1086 1811 Ἅλιός
1129 1758 1199 1800 τε
1244 1733 1355 1800 καὶ
1402 1734 1707 1812 ἀντίθεος
1752 1739 2149 1819 Κλυτόνηος.

356 1839 426 1905 oc
467 1837 528 1904 δ’
580 1834 622 1923 ἦ
667 1863 772 1905 τοι
816 1851 1082 1926 πρῶτον
1126 1836 1248 1924 μὲν
1294 1839 1724 1926 ἐπειρήσαντο
1769 1843 2106 1907 πόδεσσιν.
2272 1860 2373 1908 120

354 1956 526 2011 τοῖσι
573 1943 635 2011 δ’
688 1945 814 2013 ἀπὸ
858 1946 1112 2031 νύσσης
1156 1943 1384 2012 τέτατο
1432 1946 1703 2033 δρόμος·
1750 1945 1822 2012 οἰ
1862 1944 1924 2012 δ’
1969 1947 2101 2032 ἅμα
2136 1948 2375 2027 πάντες

355 2055 775 2138 καρπαλίμως
821 2050 1126 2118 ἐπέτοντο
1171 2055 1508 2130 κονίοντες
1551 2054 1837 2119 πεδίοιο·

356 2170 490 2224 τῶν
535 2155 608 2224 δὲ
652 2156 838 2224 θέειν
884 2155 981 2242 ὄχ’
1034 2159 1301 2243 ἄριστος
1346 2160 1464 2242 ἔην
1508 2162 1892 2242 Κλυτόνηος
1936 2158 2241 2244 ἀμύμων·

358 2265 562 2331 ὅσσον
607 2258 663 2329 τ’
716 2263 788 2329 έν
832 2272 989 2352 νειῷ
1037 2257 1246 2349 οὐρον
1288 2261 1471 2329 πέλει
1513 2263 1878 2348 ἡμιόνοιιν,

356 2373 599 2436 τόσσον
645 2367 1122 2455 ὑπεκπροθέων
1168 2372 1368 2446 λαοὺς
1413 2369 1614 2453 ἵκεθ’,
1661 2370 1732 2436 οἰ
1772 2367 1846 2437 δὲ
1892 2372 2179 2437 λίποντο.
2273 2389 2372 2436 125

359 2477 430 2542 οί
470 2472 542 2541 δὲ
587 2476 1083 2559 παλαιμοσύνης
1128 2473 1467 2558 ἀλεγεινῆς
1511 2478 1935 2562 πειρήσαντο·

357 2591 437 2668 τῇ
485 2576 545 2648 δ’
598 2576 740 2647 αὖτ’
793 2580 1142 2666 Εὐρύαλος
1188 2579 1584 2646 ἀπεκαίνυτο
1628 2581 1878 2658 πάντας
1924 2580 2250 2667 ἀρίστους.

358 2689 595 2772 ἅλματι
640 2681 702 2752 δ’
750 2681 1106 2771 Ἀμφίαλος
1150 2686 1419 2752 πάντων
1463 2685 1990 2773 προφερέστατος
2032 2681 2179 2770 ἦεν·

360 2795 566 2883 δίσκςο
615 2788 675 2858 δ’
728 2787 813 2858 αὖ
858 2792 1125 2857 πάντων
1170 2794 1343 2857 πολὺ
1389 2790 1710 2878 φέρτατος
1752 2787 1872 2875 ἦεν
1912 2787 2285 2879 Ἐλατρεύς,

360 2898 488 2979 πὺξ
534 2894 595 2964 δ’
648 2893 733 2964 αὖ
778 2897 1169 2982 Λαοδάμας,
1217 2895 1471 2979 ἀγαθὸς
1514 2898 1669 2974 πάις
1709 2891 2089 2962 Ἀλκινόοιο.
2273 2916 2372 2963 130

449 3006 657 3092 αὐτὰρ
704 3003 843 3069 ἐπεὶ
888 3005 970 3088 δὴ
1017 3003 1255 3079 πάντες
1300 3001 1722 3088 ἐτέρφθησαν
1765 2997 1959 3088 φρέν’
2012 3000 2309 3086 ἀέθλοις,

361 3124 499 3190 τοῖς
545 3113 672 3198 ἄρα
717 3110 1075 3193 Λαοδάμας
1119 3106 1363 3192 μετέφη
1418 3109 1571 3185 πάις
1610 3102 1998 3174 Ἀλκινόοιο·

363 3220 626 3303 ,,δεῦτε,
671 3219 888 3304 φίλοι,
934 3215 1053 3281 τὸν
1098 3214 1315 3293 ξεῖνον
1362 3213 1696 3300 ἐρώμεθα,
1741 3220 1810 3279 εί
1844 3208 1972 3279 τιν’
2022 3215 2273 3280 ἄεθλον

365 3320 509 3390 οἶδέ
546 3347 615 3389 τε
659 3321 770 3389 καὶ
817 3323 1111 3408 δεδάηκε.
1204 3322 1386 3406 φυήν
1430 3344 1504 3403 γε
1550 3316 1672 3405 μὲν
1718 3320 1799 3386 οὐ
1843 3322 2043 3396 κακός
2087 3319 2295 3403 ἐστιν,

360 3430 613 3517 μηρούς
656 3453 725 3496 τε
769 3433 1021 3515 κνήμας
1063 3452 1133 3495 τε
1177 3426 1290 3494 καὶ
1336 3428 1532 3512 ἄμφω
1577 3437 1800 3512 χεῖρας
1842 3425 2138 3512 ὕπερθεν
2274 3442 2373 3490 135

363 3535 607 3622 αὐχένα
649 3559 719 3603 τε
765 3537 1079 3621 στιβαρὸν
1124 3533 1290 3619 μέγα
1335 3556 1405 3599 τε
1451 3530 1721 3609 σθένος·
1768 3530 1933 3597 οὐδέ
1969 3554 2033 3596 τι
2076 3533 2241 3616 ἥβης
