2646 3932
941 176 1356 227 οΔΤΣΣΕΙΑΣ
1393 178 1514 229 xn.
2116 174 2243 238 199

226 320 393 382 ἔνθα
430 319 556 404 γὰρ
595 319 944 383 αἰνότατον
979 319 1185 383 κακὸν
1221 320 1494 402 ἔμμεναι
1531 319 1736 402 ἄμμιν
1772 320 2076 403 ἔφασκεν.
2142 335 2245 383 275

228 423 394 489 ἀλλὰ
438 420 639 509 παρὲξ
684 424 807 506 τὴν
851 431 1062 506 νῆσον
1108 422 1414 490 ἐλαύνετε
1458 433 1587 507 νῆα
1633 422 1990 508 μέλαινανὲ

317 525 406 607 ὧς
449 530 742 616 ἐφάμην,
787 541 1004 595 τοῖσιν
1050 527 1124 595 δὲ
1168 531 1583 613 κατεκλάσθη
1631 534 1832 614 φίλον
1875 525 2054 615 ἦτορ.

227 637 460 702 αὐτίκα
506 635 568 702 δ’
619 637 1006 722 Εὐρύλοχος
1050 647 1347 724 στυγερῷ
1394 634 1462 722 μ’
1514 637 1817 721 ἠμείβετο
1864 637 2089 724 μύθῳ·

229 743 544 828 ,σχέτλιός
589 745 712 826 εἰς,
754 741 1056 808 Ὀδυσεῦ·
1103 742 1253 829 πέρι
1297 767 1403 809 τοι
1448 742 1676 828 μένος,
1723 742 1887 809 οὐδέ
1925 767 1989 808 τι
2033 753 2191 826 γυῖα

228 852 522 935 κάμνεις·
583 841 634 934 ἦ
673 850 758 936 ῥά
802 874 890 915 νυ
937 854 1052 915 σοί
1080 874 1156 933 γε
1193 852 1470 936 σιδήρεα
1505 851 1720 915 πάντα
1756 849 2085 932 τέτυκται,
2143 866 2246 913 280

231 957 302 1034 ὅς
347 955 408 1043 ῥ’
461 956 735 1042 ἑτάρους
779 957 1046 1044 καμάτῳ
1094 955 1420 1041 ἁδηκότας
1464 953 1583 1040 ἠδὲ
1628 955 1738 1022 καὶ
1783 956 1972 1045 ὕπνῳ

231 1064 354 1130 οὐκ
398 1063 552 1149 ἐάας
596 1066 787 1145 γαίης
832 1061 1249 1147 ἐπιβήμεναι,
1297 1064 1468 1127 ἔνθα
1511 1086 1627 1128 κεν
1672 1057 1828 1128 αὖτε

230 1173 411 1257 νήσῳ
459 1169 534 1234 ἐν
579 1168 916 1253 ἀμφιρύτῃ
963 1171 1170 1253 λαρὸν
1215 1172 1650 1253 τετυκοίμεθα
1696 1170 1981 1253 δόρπον,

233 1274 375 1342 ἀλλ’
430 1275 642 1349 αὕτως
689 1275 800 1338 διὰ
845 1274 1050 1338 νύκτα
1094 1275 1273 1358 θοὴν
1319 1274 1696 1358 ἀλάλησθαι
1741 1275 2002 1358 ἄνωγας

233 1386 447 1467 νήσου
492 1378 1079 1463 ἀποπλαγχθέντας
1132 1380 1206 1446 ἐν
1250 1380 1575 1467 ἠεροειδέι
1618 1384 1856 1470 πόντῳ.
2147 1397 2250 1446 285

236 1489 308 1555 ἐκ
351 1498 612 1553 νυκτῶν
658 1484 719 1550 δ’
773 1487 1003 1569 ἄνεμοι
1048 1491 1351 1571 χαλεποί,
1399 1489 1739 1572 δηλήματα
1782 1500 1996 1572 νηῶν,

236 1599 606 1679 γίγνονται·
650 1601 740 1678 πῇ
786 1590 901 1657 κέν
947 1615 1045 1668 τις
1087 1592 1461 1676 ὑπεκφύγοι
1507 1595 1710 1659 αἰπὺν
1757 1595 2075 1680 ὄλεθρον,

234 1703 321 1785 ἤν
365 1723 503 1778 πως
548 1699 854 1782 ἐξαπίνης
900 1701 1066 1783 ἔλθῃ
1114 1697 1384 1782 ἀνέμοιο
1430 1700 1714 1783 θύελλα,

235 1808 276 1892 ἢ
325 1809 554 1873 Νότου
599 1804 641 1888 ἣ
691 1805 1026 1889 Ζεφύροιο
1074 1802 1385 1887 δυσαέος,
1435 1805 1507 1870 οἳ
1545 1828 1613 1870 τε
1660 1807 1942 1889 μάλιστα

236 1923 364 1998 νῆα
409 1913 831 1997 διαρραίουσι
875 1916 1057 1976 θεῶν
1105 1909 1327 1996 ἀέκητι
1373 1909 1687 1979 ἀνάκτων.
2151 1930 2253 1980 290

239 2017 381 2085 ἀλλ’
432 2014 474 2102 ἦ
521 2042 625 2084 τοι
669 2027 797 2083 νῦν
841 2013 963 2101 μὲν
1006 2018 1401 2102 πειθώμεθα
1445 2017 1636 2084 νυκτὶ
1680 2023 1956 2105 μελαίνῃ

242 2129 495 2211 δόρπον
538 2121 613 2188 θ’
668 2122 1122 2208 ὁπλισόμεσθα
1165 2129 1300 2209 θοῇ
1349 2125 1527 2209 παρὰ
1570 2124 1683 2208 νηὶ
1729 2124 2067 2210 μένοντες,

239 2233 466 2316 ἠῶθεν
513 2228 573 2295 δ’
628 2230 992 2313 ἀναβάντες
1037 2229 1362 2315 ἐνήσομεν
1409 2229 1589 2316 εὐρέι
1633 2233 1895 2320 πόντῳὲ

330 2333 418 2415 ὧς
462 2334 648 2422 ἔφατ’
701 2336 1114 2421 Εὐρύλοχος,
1162 2335 1269 2402 ἐπὶ
1317 2334 1378 2402 δ’
1433 2335 1633 2423 ᾔνεον
1676 2338 1866 2403 ἄλλοι
1912 2337 2175 2425 ἑταῖροι.

133 2473 163 2518 Γ
238 2442 350 2509 καὶ
384 2447 531 2509 τότε
569 2443 651 2526 δὴ
689 2446 1090 2525 γίγνωσκον,
1139 2441 1175 2507 ὃ
1215 2443 1297 2526 δὴ
1336 2445 1501 2509 κακὰ
1538 2444 1780 2527 μήδετο
1819 2445 2103 2529 δαίμων,
2152 2463 2254 2511 295

239 2552 359 2615 καί
395 2573 511 2634 μιν
557 2551 871 2634 φωνήσας
916 2551 1072 2614 ἔπεα
1117 2552 1473 2633 πτερόεντα
1519 2551 1947 2634 προσηύδων·

240 2652 625 2742 ,Εὐρύλοχ’,
670 2648 711 2736 ἦ
758 2655 932 2738 μάλα
978 2655 1062 2737 δή
1107 2677 1187 2738 με
1233 2657 1483 2737 βιάζετε
1531 2665 1787 2739 μοῦνον
1832 2655 2040 2723 ἐόντα.

241 2761 383 2829 ἀλλ’
437 2764 554 2845 ἄγε
599 2769 728 2825 νῦν
773 2783 885 2844 μοι
929 2761 1168 2837 πάντες
1214 2761 1538 2846 ὀμόσσατε
1584 2762 1903 2846 καρτερὸν
1948 2764 2176 2850 ὅρκον·

243 2877 310 2934 εἴ
344 2868 423 2935 κέ
460 2864 589 2934 τιν’
642 2863 718 2949 ἠὲ
763 2869 945 2949 βοῶν
991 2866 1234 2950 ἀγέλην
1278 2866 1320 2950 ἢ
1367 2879 1516 2933 πῶυ
1559 2865 1704 2952 μέγ’
1757 2870 1920 2935 οἰῶν

243 2975 568 3061 εὕρωμεν,
615 2976 704 3059 μή
750 2974 881 3039 πού
925 2996 1024 3049 τις
1070 2972 1510 3059 ἀτασθαλίῃσι
1556 2982 1833 3059 κακῇσιν
2150 2993 2256 3043 300

241 3079 284 3165 ἢ
330 3084 499 3165 βοῦν
541 3078 622 3163 ἠέ
660 3104 724 3145 τι
770 3084 983 3165 μῆλον
1030 3078 1395 3165 ἀποκτάνῃ·
1442 3079 1605 3145 ἀλλὰ
1653 3079 1876 3164 ἕκηλοι

243 3185 502 3251 ἐσθίετε
547 3186 851 3271 βρώμην,
896 3186 1020 3269 τὴν
1065 3185 1367 3269 ἀθανάτη
1414 3188 1576 3269 πόρε
1624 3189 1878 3271 Κίρκη.6

334 3288 422 3370 ὧς
467 3291 760 3377 ἐφάμην,
808 3292 880 3358 ol*
921 3289 981 3357 δ’
1035 3289 1245 3357 αὐτίκ’
1300 3291 1689 3375 ἀπώμνυον,
1737 3293 1826 3368 ὡς
1872 3292 2190 3358 ἐκέλευον.

244 3399 451 3484 αὐτὰρ
500 3397 646 3464 ἐπεί
686 3395 748 3484 ῤ’
801 3399 1055 3482 ὄμοσάν
1098 3422 1167 3463 τε
1213 3399 1612 3482 τελεύτησάν
1656 3422 1727 3464 τε
1771 3402 1890 3464 τὸν
1936 3400 2166 3485 ὅρκον,

244 3507 573 3591 στήσαμεν
619 3504 692 3570 ἐν
738 3502 955 3588 λιμένι
998 3509 1321 3593 γλαφυρῷ
1370 3504 1638 3589 ἐυεργέα
1681 3513 1811 3589 νῆα
2152 3522 2253 3571 305
