2646 3932
376 200 460 263 16
1103 203 1519 255 ΟΔΤΣΣΕΙΔΣ
1554 206 1614 256 Β.

370 343 601 427 εἵματα
647 341 1033 428 ἑσσάμενος,
1077 343 1229 431 περὶ
1277 341 1351 411 δὲ
1398 346 1587 430 ξίφος
1633 345 1752 425 ὀξὺ
1795 345 1937 413 θέτ’
1991 349 2177 436 ὤμω,

369 447 570 515 ποσσὶ
618 446 680 515 δ’
732 449 862 515 ὑπὸ
910 455 1288 538 λιπαροῖσιν
1333 452 1613 535 ἐδήσατο
1657 454 1825 519 καλὰ
1868 453 2132 537 πέδιλα,

368 559 454 640 βῆ
503 553 566 620 δ’
620 561 769 639 ἴμεν
813 555 886 621 ἐκ
927 557 1260 642 θαλάμοιο
1303 563 1446 646 θεῷ
1493 556 1862 642 ἐναλίγκιος
1908 561 2130 645 ἄντην.
2358 579 2390 626 5

370 657 535 739 αἶψα
580 658 655 727 δὲ
698 663 1054 748 κηρύκεσσι
1099 667 1622 749 λιγυφθόγγοισι
1665 664 1976 731 κέλευσεν

367 768 727 852 κηρύσσειν
773 768 1100 855 ἀγορήνδε
1146 772 1313 856 κάρη
1361 773 1740 855 κομόωντας
1780 770 2095 856 Ἀχαιούς.

370 875 441 939 oc
480 870 604 958 μὲν
652 873 1053 959 ἐκήρυσσον,
1098 874 1204 941 τοὶ
1250 874 1316 941 δ’
1370 877 1717 962 ἠγείροντο
1762 876 1912 962 μάλ’
1966 873 2119 944 ὦκα.

368 979 575 1065 αὐτὰρ
620 980 768 1046 ἐπεί
806 979 867 1066 ῥ’
918 982 1208 1068 ἤγερθεν
1252 981 1603 1068 ὁμηγερέες
1644 1006 1714 1049 τε
1758 983 2069 1066 γένοντο,

367 1089 453 1170 βῆ
510 1084 570 1171 ῥ’
624 1092 772 1171 ἴμεν
817 1088 912 1164 εἰς
956 1087 1237 1173 ἀγορήν,
1284 1090 1551 1174 παλάμῃ
1599 1087 1660 1154 δ’
1713 1092 1817 1174 ἔχε
1862 1090 2141 1174 χάλκεον
2179 1092 2389 1174 ἔγχος,

368 1192 492 1257 οὐκ
537 1187 708 1276 οἷος,
754 1193 889 1277 ἅμα
930 1201 1022 1282 τῷ
1067 1217 1142 1276 γε
1190 1196 1330 1260 δύω
1377 1196 1572 1272 κύνες
1617 1193 1810 1280 ἀργοὶ
1856 1194 2110 1262 ἕποντο.
2324 1213 2385 1261 11

366 1301 732 1383 θεσπεσίην
778 1297 841 1364 δ’
894 1300 1021 1386 ἄρα
1063 1309 1154 1388 τῷ
1199 1323 1274 1382 γε
1318 1302 1515 1387 χάριν
1558 1299 1905 1385 κατέχευεν
1943 1300 2219 1386 Ἀθήνη·

365 1406 485 1468 τὸν
534 1403 596 1469 δ’
650 1406 778 1490 ἄρα
822 1405 1061 1483 πάντες
1106 1405 1255 1472 λαοὶ
1300 1407 1741 1492 ἐπερχόμενον
1783 1413 2093 1491 θηεῦντο.

367 1509 539 1589 ἕζετο
587 1508 649 1574 δ’
702 1510 776 1577 ἐν
820 1513 1065 1597 πατρὸς
1108 1512 1341 1602 θώκῳ,
1388 1509 1569 1593 εἶξαν
1615 1510 1687 1578 δὲ
1733 1512 2054 1601 γέροντες.

365 1628 541 1681 τοῖσι
587 1613 650 1681 δ’
703 1615 917 1683 ἔπειθ’
970 1618 1147 1704 ἥρως
1191 1619 1558 1702 Αἰγύπτιος
1603 1615 1749 1706 ἦρχ’
1802 1618 2180 1707 ἀγορεύειν,
2321 1638 2386 1688 15

368 1722 440 1799 ὃς
486 1722 568 1806 δὴ
614 1726 819 1808 γήραι·
859 1725 1073 1808 κυφὸς
1118 1727 1236 1808 ἔην
1280 1723 1391 1790 καὶ
1435 1728 1640 1811 μυρία
1685 1725 1833 1812 ᾔδη.

365 1826 476 1893 καὶ
519 1829 646 1914 γὰρ
689 1839 811 1895 τοῦ
858 1834 1054 1914 φίλος
1096 1832 1242 1908 υίὸς
1286 1828 1400 1915 ἅμ’
1455 1831 1741 1922 ἀντιθέῳ
1782 1831 2052 1916 Ὀδυσῆι

361 1934 570 2001 Ἴλιον
614 1937 709 2013 εἰς
753 1935 1056 2003 ἐύπωλον
1100 1939 1217 2021 ἔβη
1263 1940 1491 2023 κοίλῃς
1534 1936 1636 2005 ἐνὶ
1680 1942 1953 2024 νηυσίν,

365 2041 682 2127 ’Ἀντιφος
728 2045 1068 2128 αἰχμητής·
1112 2045 1232 2109 τὸν
1277 2042 1339 2109 δ’
1392 2045 1622 2128 ἄγριος
1668 2048 1894 2111 ἔκτανε
1940 2047 2235 2124 Κύκλωψ

364 2149 438 2214 έν
485 2158 643 2232 σπῆι
688 2155 1042 2238 γλαφυρῷ,
1088 2150 1391 2233 πύματον
1438 2149 1500 2215 δ’
1553 2151 1926 2216 ὡπλίσσατο
1974 2153 2243 2237 δόρπον.
2317 2170 2386 2218 20

362 2266 538 2341 τρεῖς
583 2254 664 2320 δέ
705 2254 775 2319 οἱ
814 2255 1002 2320 ἄλλοι
1049 2257 1238 2338 ἔσαν,
1284 2252 1396 2320 καὶ
1433 2254 1468 2320 ὁ
1506 2250 1627 2338 μὲν
1663 2265 2074 2343 μνηστῆρσιν
2111 2258 2385 2342 ὁμίλειν,

363 2360 786 2445 Εὐρύνομος,
836 2362 958 2428 δύο
1007 2358 1069 2425 δ’
1121 2357 1267 2426 αἰὲν
1311 2364 1467 2445 ἔχον
1511 2362 1808 2447 πατρώια
1853 2365 2030 2449 ἔργα.

364 2463 506 2530 ἀλλ’
561 2464 706 2531 οὐδ’
760 2461 849 2543 ὧς
892 2475 1014 2533 τοῦ
1059 2465 1283 2550 λήθετ’
1338 2467 1747 2554 ὀδυρόμενος
1791 2466 1902 2533 καὶ
1949 2469 2220 2554 ἀχεύων.

361 2580 483 2637 τοῦ
530 2571 567 2636 ὅ
610 2595 686 2654 γε
734 2573 945 2658 δάκρυ
991 2571 1162 2658 χέων
1207 2572 1582 2659 ἀγορήσατο
1627 2572 1738 2639 καὶ
1783 2573 2144 2659 μετέειπεν·

365 2675 674 2761 ,,κέκλυτε
721 2677 804 2760 δὴ
849 2687 979 2743 νῦν
1023 2701 1177 2762 μευ,
1218 2676 1612 2763 Ἰθακήσιοι,
1660 2679 1799 2745 ὅττι
1844 2703 1959 2745 κεν
2004 2688 2182 2748 εἴπω.
2312 2701 2381 2750 25

364 2784 514 2849 οὔτε
560 2779 720 2847 ποθ’
771 2781 1050 2870 ἡμετέρη
1098 2783 1306 2868 ἀγορὴ
1351 2781 1561 2867 γένετ’
1614 2784 1767 2850 οὔτε
1811 2788 2108 2872 θόωκος,

363 2887 429 2967 ἐξ
475 2883 557 2954 οὗ
596 2886 948 2966 Ὀδυσσεὺς
995 2891 1138 2966 δῖος
1183 2892 1300 2975 ἔβη
1346 2893 1571 2975 κοίλῃς
1617 2887 1719 2956 ἐνὶ
1761 2895 2019 2974 νηυσίν.

360 3005 489 3061 νῦν
535 2990 608 3060 δὲ
651 2997 752 3071 τίς
797 2988 915 3060 ὧδ’
967 2995 1216 3080 ἤγειρε;
1264 2996 1416 3059 τίνα
1459 2993 1655 3079 χρειὼ
1702 2996 1904 3061 τόσον
1949 2998 2076 3063 ἵκει

361 3098 435 3185 ἠὲ
479 3099 651 3167 νέων
698 3099 966 3183 ἀνδρῶν
1009 3098 1051 3183 ἢ
1099 3101 1171 3165 οἳ
1208 3098 1721 3186 προγενέστεροί
1758 3103 1957 3180 εἰσιν;

359 3203 441 3292 ἦέ
479 3205 604 3272 τιν’
659 3206 972 3290 ἀγγελίην
1019 3214 1302 3290 στρατοῦ
1348 3207 1582 3271 ἔκλυεν
1631 3203 2046 3291 ἐρχομένοιο,
2315 3229 2398 3278 30·

359 3316 444 3398 ἥν
487 3310 546 3399 χ’
604 3312 759 3397 ἡμῖν
804 3313 989 3399 σάφα
1032 3318 1236 3396 εἴποι,
1283 3311 1391 3377 ὅτε
1435 3314 1753 3399 πρότερός
1795 3337 1871 3396 γε
1916 3315 2231 3394 πύθοιτο;

356 3417 437 3506 ἦέ
476 3443 538 3485 τι
586 3420 828 3504 δήμιον
873 3420 1035 3484 ἄλλο
1079 3419 1523 3503 πιφαύσκεται
1570 3416 1681 3503 ἠδ’
1732 3418 2066 3505 ἀγορεύεις

357 3526 596 3604 ἐσθλός
640 3550 755 3612 μοι
810 3527 998 3592 δοκεῖ
1045 3520 1245 3609 εἶναι,
1293 3526 1630 3609 ὀνήμενος.
1720 3531 1864 3592 εἴθε
1911 3527 1983 3592 οἱ
2021 3527 2197 3615 αὐτῷ
