2646 3932
987 190 1402 241 οΔΤΣΣΕῑΑΣ
1438 193 1530 241 1v.
2181 187 2267 251 55

330 330 452 414 τὴν
489 328 551 395 δ’
596 331 1117 416 ἀπαμειβόμενος
1144 331 1448 418 προσέφη
1479 332 1725 412 ξανθὸς
1756 331 2126 409 Μενέλαος·
2164 348 2266 397 265

244 435 400 518 ,,ναὶ
449 437 531 520 δὴ
577 438 782 502 ταῦτά
828 462 902 521 γε
946 439 1192 520 πάντα,
1239 439 1469 521 γύναι,
1515 438 1679 504 κατὰ
1724 449 1966 522 μοῖραν
2011 439 2237 513 ἔειπες.

241 544 366 625 ἤδη
415 539 537 626 μὲν
581 542 840 609 πολέων
885 543 1089 627 ἐδάην
1134 546 1389 627 βουλήν
1432 567 1503 609 τε
1546 547 1712 610 νόον
1755 568 1825 609 τε
1907 581 1920 598 2

242 647 508 732 ἀνδρῶν
553 648 820 731 ἡρώων,
868 650 1123 732 πολλὴν
1170 647 1232 715 δ’
1287 648 1666 733 ἐπελήλυθα
1709 661 1935 734 γαῖαν·

243 752 387 818 ἀλλ’
443 755 525 820 οὔ
570 777 671 819 πω
717 764 1024 821 τοιοῦτον
1071 755 1241 838 ἐγὼν
1289 756 1440 820 ἴδον
1487 755 1972 841 ὀφθαλμοῖσιν,

243 853 389 925 οἷον
430 859 790 945 Ὀδυσσῆος
833 865 1325 947 ταλασίφρονος
1370 864 1514 927 ἔσκε
1562 865 1765 947 φίλον
1810 872 1953 947 κῆρ.
2162 877 2267 925 270

243 959 389 1032 οἷον
435 965 545 1032 καὶ
590 965 731 1033 τόδ’
784 968 961 1054 ἔρεξε
1005 966 1116 1034 καὶ
1165 970 1315 1052 ἔτλη
1365 970 1679 1053 καρτερὸς
1725 968 1894 1051 ἀνὴρ

242 1075 416 1161 ἵππῳ
466 1076 565 1138 ἔνι
611 1073 846 1161 ξεστῷ,
892 1071 984 1139 ἵν’
1037 1073 1331 1158 ἐνήμεθα
1376 1075 1617 1151 πάντες
1662 1076 1918 1156 ἄριστοι

235 1178 547 1263 Ἀργείων
601 1181 896 1263 Τρώεσσι
943 1182 1159 1265 φόνον
1204 1177 1316 1245 καὶ
1361 1178 1909 1265 κῆραφέροντες.

222 1282 444 1368 ’ἦλθες
490 1289 709 1351 ἔπειτα
756 1288 842 1351 σὺ
886 1297 1090 1351 κεῖσε·
1135 1284 1600 1369 κελευσέμεναι
1647 1284 1726 1351 δέ
1768 1283 1829 1350 σ’
1886 1287 2154 1369 ἔμελλεν

243 1394 529 1476 δαίμων,
577 1391 649 1469 ὃς
703 1392 1042 1478 Τρώεσσιν
1088 1391 1398 1475 ἐβούλετο
1444 1393 1646 1468 κῦδος
1692 1389 1938 1477 ὀρέξαι·
2163 1407 2265 1455 275

241 1502 358 1563 καί
396 1522 497 1563 τοι
542 1500 893 1583 Δηίφοβος
935 1501 1311 1574 θεοείκελος
1358 1495 1573 1563 ἕσπετ’
1628 1498 1840 1582 ἰούσῃ.

243 1604 381 1689 τρὶς
427 1601 498 1670 δὲ
546 1604 953 1690 περίστειξας
997 1609 1227 1670 κοῖλον
1274 1606 1476 1688 λόχον
1522 1602 1975 1688 ἀμφαφόωσα,

244 1710 314 1775 ἐκ
359 1708 422 1775 δ’
476 1710 941 1795 ὀνομακλήδην
985 1715 1280 1775 Δαναῶν
1327 1709 1641 1794 ὀνόμαζες
1685 1707 2026 1792 ἀρίστους,

242 1818 509 1881 πάντων
548 1813 863 1901 Ἀργείων
910 1817 1148 1901 φωνὴν
1194 1813 1453 1881 ἴσκουσ’
1508 1814 1864 1898 ἀλόχοισιν.

243 1923 452 2006 αὐτὰρ
498 1923 626 2006 ἐγὼ
673 1920 782 1988 καὶ
839 1923 1160 2007 Τυδεΐδης
1206 1919 1317 1988 καὶ
1366 1923 1508 1999 δῖος
1548 1919 1901 1998 Ὀδυσσεὺς
2158 1935 2262 1985 260

242 2030 473 2112 ἥμενοι
520 2028 593 2093 ἐν
637 2027 983 2112 μέσσοισιν
1027 2028 1434 2113 ἀκούσαμεν,
1482 2028 1571 2105 ὡς
1616 2027 1910 2111 ἐβόησας.

243 2146 365 2199 νῶι
411 2131 532 2217 μὲν
578 2132 923 2220 ἀμφοτέρω
973 2136 1381 2219 μενεήναμεν
1428 2131 1830 2219 ὁρμηθέντες

245 2239 283 2323 ἢ
332 2239 751 2324 ἐξελθέμεναι
796 2238 838 2323 ἢ
885 2242 1170 2306 ἔνδοθεν
1215 2235 1357 2317 αἶψ’
1410 2239 1811 2304 ὑπακοῦσαι·

245 2344 387 2410 ἀλλ’
435 2344 744 2422 Ὀδυσεὺς
786 2344 1100 2431 κατέρυκε
1145 2344 1259 2411 καὶ
1303 2349 1580 2430 ἔσχεθεν
1628 2343 1861 2429 ἱεμένω
1907 2367 2048 2430 περ.

247 2450 421 2533 [ἔνθ’
476 2452 665 2517 άλλοι
710 2448 832 2535 μὲν
877 2453 1116 2528 πάντες
1163 2452 1331 2534 ἀκὴν
1377 2453 1536 2516 ἕσαν
1580 2442 1722 2527 υἷες
1761 2448 2068 2534 Ἀχαιῶν,
2160 2467 2265 2517 285

233 2558 571 2634 Ἄντικλος
618 2554 691 2623 δὲ
737 2556 816 2622 σε’
854 2555 917 2640 γ’
971 2553 1112 2634 οἷος
1160 2557 1568 2641 ἀμείψασθαι
1617 2554 1918 2621 ἐπέεσσιν

243 2667 502 2747 ἤθελεν.
595 2660 740 2727 ἀλλ’
789 2660 1099 2739 Ὀδυσεὺς
1146 2661 1251 2727 ἐπὶ
1297 2664 1593 2746 μάστακα
1637 2659 1823 2747 χερσὶ
1867 2665 2086 2741 πιεζεν

243 2769 584 2852 νωλεμέως
628 2778 1010 2854 κρατερῇσι,
1059 2770 1273 2833 σάωσε
1321 2765 1395 2834 δὲ
1439 2768 1688 2843 πάντας
1728 2765 2053 2851 Ἀχαιούς·

242 2878 457 2960 τόφρα
488 2872 548 2939 δ’
584 2873 705 2959 ἔχ’,
736 2876 912 2959 ὄφρα
941 2891 1014 2941 σε
1042 2877 1290 2958 νόσφιν
1320 2873 1613 2957 ἀπήγαγε
1638 2874 1907 2950 Παλλὰς
1919 2871 2264 2959 Ἀθήνη.]“

331 2982 449 3046 τὸν
494 2978 556 3046 δ’
610 2975 696 3046 αὖ
751 2979 1126 3065 Τηλέμαχος
1170 2978 1586 3064 πεπνυμένος
1630 2978 1859 3045 ἀντίον
1906 2979 2107 3063 ηὔδα·
2162 2997 2267 3046 290

243 3085 575 3172 ,,Ἀτρεΐδη
623 3084 925 3152 Μενέλαε
983 3083 1358 3171 διοτρεφές,
1407 3085 1650 3169 ὄρχαμε
1697 3089 1906 3166 λαῶν,

243 3195 503 3277 ἄλγιον·
551 3192 632 3257 οὐ
677 3193 804 3277 γάρ
851 3193 923 3257 οἵ
961 3215 1025 3256 τι
1069 3192 1149 3257 τά
1195 3188 1256 3273 γ’
1308 3192 1543 3275 ἤρκεσε
1591 3191 1841 3275 λυγρὸν
1886 3191 2205 3276 ὄλεθρον,

148 3356 167 3365 ,
245 3298 388 3366 οὐδ’
444 3305 511 3365 εἴ
549 3299 620 3364 οἱ
658 3299 896 3383 κραδίη
944 3321 1018 3380 γε
1065 3294 1339 3381 σιδηρέη
1388 3297 1672 3361 ἔνδοθεν
1716 3290 1851 3378 ἦεν.

242 3403 386 3472 ἀλλ’
439 3402 613 3488 ἄγετ’
666 3406 760 3481 εἰς
806 3404 1009 3487 εὐνὴν
1056 3400 1333 3487 τράπεθ’
1385 3400 1617 3487 ἡμέας,
1666 3403 1844 3487 ὄφρα
1889 3400 2000 3467 καὶ
2045 3403 2173 3485 ἤδη
2227 3432 2228 3435 “

240 3513 430 3601 ὕπνῳ
476 3511 607 3577 ὕπο
656 3516 955 3598 γλυκερῷ
997 3509 1402 3595 ταρπώμεθα
1446 3506 1941 3593 κοιμηθέντες.“
2160 3523 2265 3571 29ῠ
