2646 3932
381 178 510 241 100
1147 177 1563 230 οΔΤΣΣΕῙΑΣ
1600 180 1658 233 z.

378 322 647 405 δώματα
699 301 1044 403 Φαιήκων,
1092 311 1234 397 οἷος
1279 321 1483 404 δόμος
1523 314 1887 387 Ἀλκινόοιο

375 427 608 512 ἥρωος.
701 420 844 492 ἀλλ’
896 420 1079 491 ὁπότ’
1132 426 1216 490 ἄν
1261 440 1336 490 σε
1383 425 1577 509 δόμοι
1619 428 1957 493 κεκύθωσι
1999 425 2111 493 καὶ
2156 428 2356 511 αὐλή,

376 527 514 597 ὦκα
560 533 735 615 μάλα
779 532 1094 617 μεγάροιο
1140 529 1524 615 διελθέμεν,
1571 526 1728 617 ὄφρ’
1778 531 1864 598 ἂν
1908 533 2088 616 ἵκηαι

376 632 600 722 μητέρ’
653 637 845 722 ἐμήν·
888 636 930 720 ἡ
980 632 1041 702 δ’
1091 631 1285 721 ἧσται
1331 631 1432 702 ἐπ’
1485 636 1726 723 ἐσχάρῃ
1773 636 1846 702 ἐν
1890 640 2101 722 πυρὸς
2145 640 2316 725 αὐγῇ

378 743 668 826 ἠλάκατα
714 737 1066 828 στρωφῶσ’
1118 742 1572 828 ἁλιπόρφυρα,
1617 748 1849 828 θαῦμα
1895 743 2189 829 ἰδέσθαι,
2299 765 2401 814 306

376 850 553 913 κίονι
596 847 942 932 κεκλιμένη
957 868 973 884 ·
1023 846 1238 933 δμωαὶ
1283 846 1366 913 δέ
1406 847 1478 912 οἱ
1517 842 1678 913 εἵατ’
1731 849 2030 915 ὄπισθεν.

378 955 548 1019 ἔνθα
595 951 670 1020 δὲ
714 956 960 1040 πατρὸς
1007 954 1191 1040 ἐμοῖο
1237 957 1492 1039 θρόνος
1536 954 1976 1021 ποτικέκλιται
2020 958 2216 1045 αὐτῇ,

376 1067 468 1147 τῷ
516 1058 553 1124 ὅ
598 1083 673 1143 γε
719 1062 1130 1139 οἰνοποτάζει
1175 1060 1506 1145 ἐφήμενος
1551 1059 1887 1138 ἀθάνατος
1931 1062 2036 1139 ὥς.

377 1166 496 1229 τὸν
540 1166 1119 1251 παραμειψάμενος
1163 1167 1409 1250 μητρὸς
1454 1164 1606 1251 περὶ
1650 1167 1932 1249 γούνασι
1976 1180 2199 1254 χεῖρας
2298 1188 2401 1237 310

375 1272 649 1354 βάλλειν
690 1270 1036 1357 ἡμετέρης,
1082 1273 1195 1337 ἵνα
1238 1274 1557 1356 νόστιμον
1600 1267 1776 1359 ἦμαρ
1824 1274 2007 1358 ἴδηαι

377 1379 628 1462 χαίρων
672 1379 1126 1462 καρπαλίμως,
1174 1379 1238 1442 εἰ
1277 1375 1390 1443 καὶ
1435 1378 1609 1462 μάλα
1652 1381 1940 1462 τηλόθεν
1986 1379 2144 1446 ἐσσί.

384 1487 477 1563 [el
512 1482 628 1548 κέν
671 1506 777 1548 τοι
819 1484 1003 1565 κείνη
1050 1506 1126 1566 γε
1171 1485 1336 1567 φίλα
1382 1482 1702 1570 φρονέῃσ’
1756 1482 1857 1550 ἐνὶ
1898 1491 2128 1574 θυμῷ,

377 1587 640 1674 ἐλπωρή
685 1611 789 1654 τοι
835 1591 1056 1654 ἔπειτα
1101 1592 1342 1673 φίλους
1384 1584 1444 1655 τ’
1497 1588 1701 1655 ἰδέειν
1743 1588 1855 1656 καὶ
1902 1591 2164 1657 ἱκέσθαι

377 1690 570 1760 οἶκον
617 1693 1003 1779 ἐυκτίμενον
1046 1693 1158 1760 καὶ
1203 1696 1331 1779 σὴν
1377 1694 1444 1773 ἐς
1487 1696 1771 1781 πατρίδα
1813 1699 2059 1779 γαῖαν.]
2298 1716 2402 1764 315

469 1795 559 1877 ὥς
604 1801 730 1885 ἄρα
777 1795 1121 1884 φωνήσασ’
1173 1801 1412 1885 ἵμασεν
1456 1802 1723 1884 μάστιγι
1757 1799 2009 1887 1φαεινῇ

378 1907 729 1992 ἡμιόνους·
775 1905 851 1971 αἱ
891 1900 953 1972 δ’
1006 1901 1143 1973 ὦκα
1189 1908 1389 1973 λίπον
1431 1917 1752 1991 ποταμοῖο
1800 1906 2062 1995 ῥέεθρα.

378 2014 459 2078 αἱ
499 2010 560 2078 δ’
614 2013 689 2078 ἐὺ
734 2008 858 2097 μὲν
900 2013 1204 2098 τρώχων,
1252 2012 1327 2078 ἐὺ
1375 2010 1448 2079 δὲ
1494 2017 1852 2080 πλίσσοντο
1897 2018 2240 2082 πόδεσσιν·

380 2120 421 2204 ἡ
471 2115 545 2185 δὲ
588 2113 740 2203 μάλ’
790 2118 1166 2203 ἡνιόχευεν,
1213 2118 1390 2195 ὅπως
1434 2113 1546 2203 ἅμ’
1598 2117 1864 2186 ἑποίατο
1903 2120 2084 2200 πεζοὶ

379 2226 755 2310 ἀμφίπολοί
792 2218 850 2289 τ’
887 2218 1198 2301 Ὀδυσεύς
1231 2247 1333 2307 τε,
1369 2227 1506 2313 νόω
1545 2219 1606 2290 δ’
1650 2224 2007 2309 ἐπέβαλλεν
2047 2227 2400 2313 ἱμάσθλην.

379 2334 621 2397 δύσετό
665 2325 724 2395 τ’
775 2329 994 2414 ἠέλιος
1036 2328 1148 2395 καὶ
1190 2328 1296 2395 τοὶ
1339 2332 1585 2397 κλυτὸν
1631 2333 1832 2409 ἄλσος
1876 2333 2100 2399 ἵκοντο
2296 2351 2398 2400 321

380 2439 532 2524 ἱρὸν
571 2436 957 2520 Ἀθηναίης,
1002 2430 1092 2500 ἵν’
1144 2430 1248 2522 ἄρ’
1300 2435 1476 2514 ἕζετο
1524 2438 1667 2514 δῖος
1705 2435 2073 2516 Ὀδυσσεύς.

378 2539 592 2610 αὐτίκ’
644 2536 841 2608 ἔπειτ’
892 2541 1098 2628 ἠρᾶτο
1142 2542 1311 2619 Διὸς
1355 2543 1564 2628 κούρῃ
1610 2545 1950 2628 μεγάλοιο·

377 2652 634 2733 ,,κλῦθί
673 2671 827 2731 μευ,
875 2647 1197 2731 αἰγιόχοιο
1242 2648 1412 2724 Διὸς
1454 2646 1669 2730 τέκος,
1718 2649 2089 2735 ἀτρυτώνη·

378 2765 508 2821 νῦν
554 2756 638 2837 δή
680 2752 803 2839 πέρ
850 2776 975 2837 μευ
1012 2753 1335 2836 ἄκουσον,
1382 2751 1521 2819 ἐπεὶ
1558 2757 1767 2839 πάρος
1803 2756 1886 2821 οὔ
1921 2754 2067 2820 ποτ’
2112 2758 2400 2836 ἄκουσας

381 2858 770 2948 ῥαιομένου,
817 2860 923 2925 ὅτε
970 2857 1037 2943 μ’
1089 2861 1309 2944 ἔρραιε
1356 2860 1592 2936 κλυτὸς
1637 2859 2065 2943 ἐννοσίγαιος.
2294 2881 2399 2932 326

376 2968 497 3043 δός
540 2962 607 3050 μ’
661 2964 727 3041 ἐς
777 2968 1072 3047 Φαίηκας
1116 2966 1319 3047 φίλον
1366 2962 1595 3029 ἐλθεῖν
1639 2962 1746 3047 ἡδ’
1798 2965 2150 3032 ἐλεεινόν.“

468 3066 559 3148 ὥς
602 3068 789 3155 ἔφατ’
840 3070 1223 3154 εὐχόμενος,
1267 3078 1391 3135 τοῦ
1437 3066 1499 3134 δ’
1551 3072 1741 3136 ἔκλυε
1787 3074 2057 3149 Παλλὰς
2095 3071 2361 3158 Ἀθήνη.

376 3178 555 3265 αὐτῷ
605 3174 667 3241 δ’
720 3176 803 3241 οὔ
847 3196 949 3241 πω
995 3172 1252 3260 φαίνετ’
1305 3174 1570 3259 ἐναντίη
1584 3195 1600 3211 ·
1644 3177 1865 3243 αἴδετο
1911 3179 2038 3263 γάρ
2084 3179 2169 3263 ῥα

377 3283 1018 3368 πατροκασίγνητον,
1066 3279 1103 3346 ὁ
1150 3278 1212 3346 δ’
1267 3279 1668 3365 ἐπιζαφελῶς
1711 3281 2056 3366 μενέαινεν
2290 3302 2396 3350 330

379 3387 666 3476 ἀντιθέῳ
707 3386 977 3471 Ὀδυσῆι
1023 3388 1234 3473 πάρος
1276 3386 1364 3470 ἣν
1407 3397 1608 3470 γαῖαν
1655 3386 1935 3453 ἱκέσθαι.
