2646 3932
317 164 445 228 104
1058 167 1473 218 ΟΔΤΣΣΕΙΑΣ
1509 169 1578 220 Η.

311 310 611 394 χρύσειαι
654 304 729 374 δὲ
773 310 982 394 θύραι
1026 311 1308 375 πυκινὸν
1358 311 1566 394 δόμον
1611 308 1797 386 ἐντὸς
1842 311 2096 394 ἔεργον·

313 413 599 498 σταθμοὶ
647 412 707 479 δ’
761 411 1074 500 ἀργύρεοι
1118 414 1193 481 ἐν
1236 413 1487 503 χαλκέῳ
1534 414 1818 480 ἕστασαν
1863 400 2074 501 οὐδᾷἶ,

313 518 642 604 ἀργύρεον
687 514 748 585 δ’
801 514 906 604 ἐφ’
956 519 1374 605 ὑπερθύριον
1386 568 1406 603 ,
1433 507 1696 605 ’χρυσέη
1734 515 1821 585 ’δὲ
1865 520 2145 604 κορώνη.
2263 535 2330 584 90

311 625 607 708 χρύσειοι
653 619 715 691 δ’
769 624 1081 711 ἑκάτερθε
1125 624 1236 691 καὶ
1283 626 1598 711 ἀργύρεοι
1641 621 1836 701 κύνες
1879 620 2082 707 ἦσαν,

314 728 431 806 οὓς
460 728 828 815 ”Ηφἀιστος
872 730 1131 809 ἔτευξεν
1179 733 1433 817 ἰδυίῃσι
1477 731 1917 818 πραπίδεσσιν

314 836 501 919 δῶμα
544 835 1037 921 φυλασσέμεναι
1085 839 1531 922 μεγαλήτορος
1569 834 1967 924 Ἀλκινόοιο,

313 940 693 1018 ἀθανάτους
738 943 935 1019 ὄντας
978 940 1091 1007 καὶ
1136 942 1398 1028 ἀγήρως
1441 944 1656 1026 ἤματα
1701 943 1933 1007 πάντα.

313 1045 387 1111 ἐν
433 1043 506 1112 δὲ
548 1049 791 1132 θρόνοι
827 1045 978 1133 περὶ
1014 1059 1241 1132 τοῖχον
1278 1042 1618 1133 ἐρηρέδατ’
1670 1050 1840 1114 ἔνθα
1876 1046 1987 1113 καὶ
2024 1050 2213 1129 ἔνθα,
2262 1066 2330 1113 95

314 1152 380 1229 ἐς
422 1154 635 1237 μυχὸν
681 1150 747 1230 ἐξ
793 1153 1025 1220 οὐδοῖο
1073 1152 1455 1238 διαμπερές,
1503 1147 1650 1218 ἔνθ’
1702 1150 1803 1218 ἐνὶ
1847 1152 2082 1219 πέπλοι

313 1256 536 1323 λεπτοὶ
581 1258 889 1342 ἐύννητοι
933 1262 1288 1343 βεβλήατο,
1337 1262 1498 1345 ἔργα
1540 1269 1895 1342 γυναικῶν.

313 1366 482 1429 ἔνθα
527 1360 599 1429 δὲ
651 1366 963 1447 Φαιήκων
1006 1365 1325 1451 ἡγήτορες
1371 1364 1730 1450 ἑδριόωντο

312 1472 616 1545 πίνοντες
659 1468 770 1534 καὶ
815 1471 1104 1548 ἔδοντες·
1149 1471 1508 1555 ἐπηετανὸν
1552 1472 1679 1556 γὰρ
1726 1473 2011 1555 ἔχεσκον.

312 1576 607 1661 χρύσειοι
654 1573 714 1640 δ’
768 1576 896 1660 ἄρα
940 1585 1173 1661 κοῦροι
1221 1576 1565 1661 ἐυδμήτων
1610 1575 1714 1641 ἐπὶ
1759 1580 2002 1661 βωμῶν
2228 1594 2329 1643 100

313 1681 595 1746 ἕστασαν
639 1680 1001 1765 αἰθομένας
1046 1684 1280 1770 δαΐδας
1323 1684 1484 1767 μετὰ
1528 1680 1756 1767 χερσὶν
1801 1685 2087 1765 ἔχοντες,

314 1789 666 1869 φαίνοντες
707 1788 951 1865 νύκτας
997 1783 1160 1854 κατὰ
1207 1788 1475 1873 δώματα
1522 1790 2049 1872 δαιτυμόνεσσιν.

262 1894 717 1985 ηπεντήκοντα
761 1891 841 1958 δέ
882 1894 952 1960 οί
992 1893 1205 1980 δμωαὶ
1250 1895 1415 1959 κατὰ
1461 1894 1649 1980 δῶμα
1692 1905 1999 1977 γυναῖκες

315 1998 388 2062 αἰ
426 1995 548 2083 μὲν
593 1998 1018 2084 ἀλετρεύουσι
1063 2003 1273 2086 μύλῃς
1317 2003 1424 2065 ἔπι
1470 2002 1732 2085 μήλοπα
1776 2004 2061 2085 καρπόν,

314 2104 388 2168 αἱ
429 2102 489 2169 δ’
544 2105 766 2182 ἱστοὺς
810 2105 1073 2189 ὑφόωσι
1119 2105 1229 2172 καὶ
1274 2106 1566 2189 ἠλάκατα
1611 2118 2007 2191 στρωφῶσιν
2228 2123 2327 2172 105

314 2210 569 2294 ἥμεναι,
617 2203 726 2276 οἷά
769 2235 839 2276 τε
885 2213 1107 2296 φύλλα
1152 2213 1479 2295 μακεδνῆς
1525 2213 1876 2297 αἰγείροιο·

313 2315 764 2401 καιρουσσέων
811 2311 873 2382 δ’
924 2316 1227 2382 ὀθονέων
1274 2317 1686 2401 ἀπολείβεται
1731 2317 1942 2401 ὑγρὸν
1988 2320 2226 2382 ἔλαιον.

314 2420 519 2485 ὅσσον
569 2425 852 2504 Φαίηκες
895 2421 1045 2508 περὶ
1090 2424 1358 2488 πάντων
1406 2425 1611 2508 ἴδριες
1656 2423 1924 2508 ἀνδρῶν

312 2535 440 2608 νῆα
484 2528 662 2610 θοὴν
706 2526 807 2593 ἐνὶ
850 2531 1072 2617 πόντῳ
1120 2527 1509 2614 ἐλαυνέμεν,
1558 2522 1645 2607 ὥς
1691 2525 1764 2594 δὲ
1809 2540 2116 2612 γυναῖκες

315 2634 515 2697 ἱστῶν
557 2643 936 2718 τεχνῆσσαι·
980 2633 1131 2721 πέρι
1176 2634 1303 2719 γάρ
1352 2651 1545 2719 σφισι
1590 2635 1801 2700 δῶκεν
1840 2630 2087 2719 Ἀθήνη
2227 2651 2326 2699 110

314 2740 473 2823 ἔργα
516 2732 575 2803 τ’
626 2738 1019 2805 ἐπίστασθαι
1065 2739 1456 2826 περικαλλέα
1499 2738 1609 2805 καὶ
1654 2738 1904 2825 φρένας
1950 2739 2210 2818 ἐσθλάς.

313 2846 631 2909 ἔκτοσθεν
676 2838 740 2910 δ’
791 2846 997 2929 αὐλῆς
1040 2844 1242 2930 μέγας
1287 2847 1563 2931 ὄρχατος
1608 2847 1759 2929 ἄγχι
1800 2847 2082 2931 θυράων

312 2949 694 3034 τετράγυος·
739 2949 889 3037 περὶ
936 2946 998 3017 δ’
1050 2951 1239 3036 ἕρκος
1286 2950 1594 3034 ἐλήλαται
1640 2949 2135 3035 ἀμφοτέρωθεν.

312 3057 482 3120 ἔνθα
528 3051 600 3121 δὲ
647 3055 925 3143 δένδρεα
970 3058 1185 3144 μακρὰ
1230 3058 1563 3141 πεφύκασι
1608 3058 2060 3140 τηλεθόωντα,

313 3163 544 3246 ὄγχναι
588 3160 698 3228 καὶ
745 3159 923 3248 ῥοιαὶ
966 3160 1079 3228 καὶ
1123 3161 1359 3257 μηλέαι
1404 3161 1853 3247 ἀγλαόκαρποι
2228 3177 2327 3226 115

316 3265 545 3332 συκέαι
587 3290 656 3333 τε
702 3266 1016 3354 γλυκεραὶ
1058 3267 1169 3334 καὶ
1216 3268 1428 3334 ἐλαῖαι
1472 3269 1901 3352 τηλεθόωσαι.

315 3374 492 3438 τάων
536 3373 619 3439 οὔ
663 3395 821 3440 ποτε
864 3376 1114 3457 καρπὸς
1158 3373 1521 3440 ἀπόλλυται
1567 3367 1716 3438 οὐδ’
1769 3372 2108 3438 ἀπολείπει

314 3482 615 3564 χείματος
661 3476 819 3546 οὐδὲ
862 3478 1135 3563 θέρευς,
1184 3478 1549 3563 ἐπετήσιος·
1595 3478 1761 3543 ἀλλὰ
1806 3476 1956 3562 μάλ’
2009 3476 2137 3544 αἰεὶ
