2646 3932
372 194 526 249 XXII
1182 190 1579 248 SUMMARIA.

371 361 589 421 amoris
617 361 789 440 signa
816 361 922 420 dat
947 361 1240 436 Penelope
1277 360 1626 436 orditurque
1664 355 2007 435 sermonem,
2045 357 2151 434 qui
2185 375 2378 433 usque

369 449 432 508 in
483 452 744 527 noctem,
794 468 976 525 quam
1035 448 1374 507 amantibus
1436 448 1611 508 solito
1667 446 1996 525 longiorem
2048 445 2196 505 facit
2249 446 2377 522 dea,

369 538 577 596 multis
623 539 695 597 de
730 537 907 597 rebus
950 537 1230 613 habetur3
1277 537 1461 596 etiam
1505 536 1568 595 in
1612 536 1784 613 lecto,
1829 535 1935 594 ubi
1970 535 2173 594 Ulixes
2213 534 2377 593 labo-

367 646 503 685 rum
541 645 787 687 suorum
822 644 1117 685 summam
1160 625 1380 702 repetit
1426 617 1852 707 (205—343).
1941 623 2117 683 Mane
2161 622 2378 699 postri-

369 715 463 775 die
510 715 752 774 domum
795 714 1043 773 mandat
1078 714 1411 790 Penelopae
1458 717 1640 790 atque
1685 715 1759 771 ut
1801 712 1864 770 in
1909 732 2040 771 eam
2086 729 2149 771 se
2196 710 2380 770 abdat

367 805 595 879 monet3
655 803 782 878 ipse
838 805 1041 862 autem
1094 804 1362 861 armatus
1416 821 1553 861 cum
1605 801 1729 862 filio
1784 803 1846 861 et
1888 800 2230 877 pastoribus
2274 817 2377 858 rus

367 891 491 951 exit
536 892 613 950 ad
656 891 912 950 Laerten
959 880 1389 972 (344—372).

1255 1111 1488 1178 XXIV.

500 1243 825 1303 Procerum
870 1241 1181 1300 animabus
1228 1260 1265 1300 a
1308 1240 1602 1300 Mercurio
1659 1241 1736 1299 ad
1788 1240 2008 1301 inferos
2054 1244 2377 1319 compulsis

368 1332 575 1391 heroes
628 1333 971 1406 occurrunt,
1035 1349 1172 1389 cum
1227 1330 1334 1388 alii
1387 1332 1522 1389 tum
1573 1328 1836 1389 Achilles
1894 1331 1957 1389 et
2005 1329 2376 1409 Agamemno

372 1411 666 1501 (1—22).
729 1418 824 1478 Ibi
849 1419 1219 1497 Agamemno
1255 1417 1479 1477 Achilli
1516 1416 1679 1476 iusta
1712 1418 1989 1477 funebria
2023 1420 2267 1496 exponit
2301 1421 2378 1480 ad

372 1507 613 1568 Troiam
655 1506 773 1583 ipsi
806 1509 1051 1583 peracta
1094 1508 1157 1566 et
1197 1506 1502 1582 propriam
1552 1525 1755 1566 necem
1810 1507 1973 1567 dolet
2028 1498 2377 1590 (23—97);

371 1596 743 1673 miratusque
779 1595 1019 1653 turbam
1054 1594 1341 1654 iuvenum
1386 1594 1737 1654 catervatim
1781 1595 2261 1655 descendentium
2306 1616 2379 1657 ex

371 1703 493 1745 uno
530 1703 736 1745 eorum
775 1683 1069 1761 insignem
1103 1683 1429 1759 Penelopes
1465 1683 1836 1761 pudicitiam,
1871 1703 2186 1759 procorum
2231 1686 2376 1744 assi-

374 1772 669 1832 duitatem
713 1774 775 1831 et
819 1790 1093 1831 occasum
1138 1771 1443 1849 cognoscit
1495 1773 1678 1848 atque
1723 1771 1916 1830 Ulixis
1965 1772 2272 1832 fortunam
2316 1777 2380 1833 et

372 1861 614 1940 reginae
639 1860 816 1919 fidem
841 1860 1148 1935 praedicat
1176 1851 1560 1941 (98—204).
1624 1859 1861 1919 Interea
1888 1860 2060 1921 heros
2088 1879 2226 1921 cum
2252 1862 2377 1920 suis

374 1950 451 2009 ad
485 1949 742 2009 Lae‘rten
785 1947 1088 2026 profectus
1133 1947 1396 2025 primum
1429 1948 1600 2008 velut
1635 1948 1879 2027 ignotus
1915 1947 1977 2007 in
2014 1949 2203 2009 hortis
2240 1970 2378 2010 cum

373 2039 479 2099 illo
525 2056 853 2098 sermonem
897 2037 1135 2113 quaerit
1177 2037 1248 2097 de
1292 2037 1416 2097 filio
1467 2037 1832 2114 affectusque
1886 2038 2166 2117 cognitiS,
2227 2058 2377 2116 quas

374 2147 550 2187 senex
592 2126 849 2204 tulisset,
894 2125 1210 2204 aerumnis,
1254 2126 1399 2184 dum
1435 2145 1572 2185 eum
1609 2125 1981 2203 aegritudine
2030 2146 2378 2203 oppressum

373 2215 552 2293 videt,
587 2217 828 2291 repente
867 2232 992 2273 sese
1029 2214 1221 2272 filium
1258 2214 1452 2290 aperit
1478 2218 1539 2273 et
1566 2215 1805 2273 caedem
1831 2234 2147 2290 procorum
2172 2235 2378 2292 perpe·

249 2331 253 2334 v
374 2306 598 2363 tratam
641 2304 848 2362 narrat
884 2296 1310 2384 (205—344).
1392 2302 1614 2361 Laetus
1650 2321 1826 2362 senex
1861 2303 2103 2362 lavatur
2147 2306 2209 2363 et
2251 2304 2379 2381 ipse

375 2410 614 2470 quoque
661 2410 698 2450 a
741 2390 1009 2450 Minerva
1054 2390 1366 2449 decoratus
1411 2409 1549 2449 cum
1591 2390 1768 2449 Dolio
1824 2409 1992 2450 servo
2040 2394 2102 2451 et
2144 2392 2381 2469 reliqua

373 2480 607 2540 familia
651 2481 834 2555 atque
876 2478 1051 2538 Ulixe
1097 2477 1531 2553 comitibusque
1587 2478 1714 2537 eius
1760 2479 1836 2537 ad
1880 2479 2199 2554 prandium
2244 2500 2378 2541 con-

374 2569 649 2646 veniunt,
700 2567 807 2626 ubi
863 2567 1049 2625 redux
1105 2567 1451 2644 agnoscitur
1503 2568 1565 2625 et
1617 2567 1921 2626 salutatur
1975 2569 2049 2627 ab
2089 2569 2381 2629 'omnibus

377 2647 803 2739 (345—412).
911 2655 1041 2714 Iam
1104 2674 1340 2714 rumore
1404 2654 1600 2714 caedis
1662 2674 1769 2731 per
1838 2657 2048 2716 urbem
2117 2656 2380 2733 disperso

375 2746 633 2805 habetur
683 2742 881 2804 contio
935 2742 1365 2820 Ithacensium‚
1419 2743 1482 2801 in
1537 2762 1658 2819 qua
1702 2743 1996 2820 Eupithes
2049 2747 2382 2805 tumultum

375 2835 599 2894 movet:
659 2831 941 2892 continuo
996 2849 1135 2906 pars
1189 2831 1434 2910 civium,
1487 2851 1856 2908 quamquam
1917 2834 2382 2894 reclamantibus

376 2922 651 2982 Medonte
706 2922 768 2978 et
819 2919 1183 2998 Halitherse‚
1239 2920 1456 2979 armati
1507 2920 1743 2979 Ulixem
1805 2920 1882 2979 ad
1926 2921 2159 2981 Laertis
2212 2943 2382 2999 prae-

377 3011 543 3070 dium
585 3010 1029 3085 persequuntur
1073 3000 1499 3090 (413—471).
1584 3008 1700 3068 Sed
1745 3027 1844 3070 eos
1881 3010 2222 3071 comitatior
2253 3012 2383 3071 Uli-

376 3116 478 3158 xes
522 3097 786 3176 graviter
827 3097 1069 3173 premit3
1114 3097 1419 3173 Eupithen
1464 3097 1680 3157 occidit
1712 3097 1983 3175 Laerte83
2028 3099 2174 3175 ipsis
2214 3119 2384 3176 prae·

378 3205 511 3248 sens
551 3186 817 3246 Minerva
863 3185 1228 3264 opitulatur,
1274 3185 1585 3245 seditiosos
1631 3188 1910 3263 exterret3
1957 3188 2200 3247 tandem
2243 3188 2384 3264 Iup-

378 3275 540 3352 piter
584 3274 809 3334 deiecto
863 3274 1113 3334 fulmine
1165 3274 1463 3351 proelium
1508 3273 1759 3333 dirimit:
1815 3274 1899 3334 sic
1943 3277 2105 3336 facto
2149 3276 2385 3336 foedere

380 3364 671 3424 amnestia
713 3362 996 3439 utrinque
1043 3366 1105 3422 et
1147 3383 1266 3439 pax
1311 3362 1689 3438 componitur
1733 3354 1845 3443 (47
1856 3355 2162 3446 2—548).
