2646 3932
349 173 477 237 140
1121 170 1535 221 οΔΤΣΣΕΙΑΣ
1571 171 1613 222 L

435 308 524 390 ὥς
570 309 802 397 ἔφαθ’,
847 311 1008 396 ἡμῖν
1053 309 1114 377 δ’
1169 306 1326 377 αὖτε
1370 312 1786 395 κατεκλάσθη
1836 313 2040 395 φίλον
2082 304 2276 395 ἦτορ,

348 419 714 484 δεισάντων
759 420 1070 504 φθόγγον
1112 441 1185 484 τε
1228 421 1447 504 βαρὺν
1491 417 1696 483 αὐτόν
1737 439 1808 482 τε
1852 414 2173 501 πέλωρον.

347 523 513 589 ἀλλὰ
554 522 667 590 καὶ
712 519 801 601 ὧς
846 547 962 608 μιν
1006 525 1273 590 ἔπεσσιν
1319 523 1749 608 ἀμειβόμενος
1793 519 2215 608 προσέειπον·

347 628 555 714 ,ἡμεῖς
597 653 704 696 τοι
757 631 1090 716 Τροίηθεν
1138 627 1717 713 ἀποπλαγχθέντες
1756 626 2005 714 Ἀχαιοὶ

346 740 687 813 παντοίοις
730 733 1074 819 ἀνέμοισιν
1119 732 1287 822 ὑπὲρ
1335 733 1502 820 μέγα
1546 738 1784 818 λαῖτμα
1827 735 2203 818 θαλάσσης,
2262 749 2367 799 260

348 843 574 908 οἴκαδε
623 841 900 928 ἱέμενοι,
946 842 1156 925 ἄλλην
1202 840 1365 906 ὁδὸν
1411 842 1577 906 ἄλλα
1620 838 1909 906 κέλευθα

347 947 674 1032 ἤλθομεν·
721 947 894 1013 οὕτω
941 967 1073 1012 που
1121 949 1290 1024 Ζεὺς
1334 948 1537 1031 ἤθελε
1582 949 2004 1031 μητίσασθαι.

348 1050 499 1118 λαοὶ
545 1049 607 1117 δ’
653 1049 995 1139 Ἀτρεΐδεω
1035 1049 1521 1138 Ἀγαμέμνονος
1563 1048 1874 1137 εὐχόμεθ’
1925 1048 2127 1135 εἶναι,

347 1167 468 1223 τοῦ
515 1159 598 1242 δὴ
644 1167 772 1224 νῦν
815 1183 892 1242 γε
936 1157 1249 1243 μέγιστον
1293 1158 1708 1245 ὑπουράνιον
1750 1157 1940 1236 κλέος
1984 1157 2190 1224 ἐστίν·

348 1266 595 1348 τόσσην
637 1266 766 1351 γὰρ
815 1263 1115 1351 διέπερσε
1162 1266 1359 1330 πόλιν
1402 1262 1515 1331 καὶ
1560 1264 1854 1331 ἀπώλεσε
1900 1267 2103 1341 λαοὺς
2262 1279 2367 1329 265

349 1371 652 1447 πολλούς.
725 1369 912 1455 ἡμεῖς
959 1368 1019 1436 δ’
1072 1364 1230 1435 αὑτε
1273 1373 1699 1455 κιχανόμενοι
1742 1373 1823 1436 τὰ
1868 1372 1953 1436 σὰ
1996 1378 2210 1453 γοῦνα

352 1473 637 1560 ἱκόμεθ’,
683 1482 752 1542 εἰ
786 1498 854 1541 τι
896 1477 1129 1561 πόροις
1175 1474 1466 1560 ξεινήιον
1510 1472 1586 1560 ἠὲ
1628 1474 1740 1542 καὶ
1787 1477 1999 1553 ἄλλως

352 1582 537 1665 δοίης
584 1582 902 1666 δωτίνην,
947 1582 991 1665 ἥ
1035 1604 1104 1646 τε
1153 1581 1389 1661 ξείνων
1431 1580 1628 1666 θέμις
1672 1581 1869 1648 ἐστίν.

351 1683 493 1751 ἀλλ’
547 1687 789 1770 αἰδεῖο,
837 1686 1136 1774 φέριστε,
1181 1688 1414 1764 θεούς·
1460 1685 1666 1753 ἱκέται
1712 1687 1791 1753 δέ
1828 1690 1941 1754 τοί
1978 1689 2190 1772 εἰμεν,

353 1794 522 1869 Ζεὺς
565 1788 626 1856 δ’
680 1791 1074 1879 ἐπιτιμήτωρ
1121 1793 1400 1858 ἱκετάων
1441 1815 1513 1858 τε
1559 1791 1794 1872 ξείνων
1836 1815 1939 1875 τε,
2262 1809 2368 1859 270

352 1897 620 1982 ξείνιος,
665 1897 740 1976 ὃς
786 1898 1102 1979 ξείνοισιν
1147 1895 1258 1984 ἅμ’
1311 1899 1669 1964 αἰδοίοισιν
1714 1898 1988 1983 ὀπηδεῖὲ

440 2000 531 2083 ὥς
574 2004 869 2090 ἐφάμην,
914 2005 952 2071 ὁ
1000 2004 1079 2071 δέ
1118 2003 1186 2090 μ’
1240 2001 1452 2071 αὐτίκ’
1505 2004 1807 2089 ἀμείβετο
1851 2002 2039 2087 νηλέι
2081 2010 2311 2093 θυμῷ·

352 2113 608 2196 ,νήπιός
652 2112 747 2188 εἰς
757 2159 777 2194 ,
825 2107 878 2177 ὦ
925 2108 1112 2195 ξεῖν’,
1157 2110 1199 2195 ἢ
1243 2113 1538 2195 τηλόθεν
1580 2112 2009 2194 εἰλήλουθας,

352 2218 425 2294 ὅς
467 2240 548 2302 με
591 2219 797 2293 θεοὺς
840 2215 1058 2282 κέλεαι
1101 2215 1143 2300 ἢ
1191 2218 1486 2301 δειδίμεν
1529 2215 1571 2300 ἢ
1618 2214 1970 2282 ἀλέασθαι·

353 2323 435 2388 οὐ
476 2324 607 2409 γὰρ
652 2322 1012 2399 Κύκλωπες
1054 2323 1223 2399 Διὸς
1266 2324 1569 2407 αἰγιόχου
1616 2320 1969 2405 ἀλέγουσιν
2264 2337 2368 2387 275

352 2423 511 2493 οὐδὲ
554 2433 738 2493 θεῶν
782 2429 1126 2513 μακάρων,
1173 2426 1314 2493 ἐπεὶ
1356 2423 1399 2511 ἦ
1446 2430 1618 2494 πολὺ
1664 2426 1979 2515 φέρτεροί
2016 2428 2225 2512 εἰμεν·

353 2531 499 2600 οὐδ’
552 2533 638 2599 ἂν
682 2533 810 2617 ἐγὼ
855 2535 1023 2611 Διὸς
1068 2536 1267 2618 ἔχθος
1312 2534 1717 2619 ἀλευάμενος
1761 2535 2167 2620 πεφιδοίμην

353 2641 505 2706 οὔτε
551 2649 670 2706 σεῦ
716 2637 870 2706 οὔθ’
925 2638 1205 2726 ἑτάρων,
1250 2641 1315 2704 εἰ
1356 2639 1444 2724 μὴ
1490 2641 1710 2723 θυμός
1753 2662 1834 2724 με
1876 2639 2152 2705 κελεύοι.

354 2746 520 2812 ἀλλά
562 2770 679 2831 μοι
722 2742 886 2830 εἴφ’,
933 2745 1061 2830 ὅπῃ
1106 2748 1290 2830 ἔσχες
1336 2746 1459 2810 ἰὼν
1504 2742 1774 2830 ἐυεργέα
1817 2753 1976 2828 νῆα,

354 2854 395 2936 ἤ
439 2874 572 2918 που
618 2848 718 2917 ἐπ’
770 2850 1099 2936 ἐσχατιῆς,
1143 2846 1185 2935 ἦ
1230 2849 1343 2916 καὶ
1388 2851 1659 2935 σχεδόν,
1706 2851 1885 2936 ὄφρα
1930 2851 2172 2916 δαείωέ
2262 2867 2367 2916 280

296 3031 301 3035 .
443 2953 532 3035 ὧς
577 2958 749 3042 φάτο
794 2958 1146 3042 πειράζων,
1202 2952 1314 3041 ἐμὲ
1360 2950 1422 3021 δ’
1483 2956 1567 3022 οὐ
1612 2957 1824 3021 λάθεν
1866 2958 2089 3023 εἰδότα
2132 2957 2367 3041 πολλά,

355 3064 522 3130 ἀλλά
565 3088 681 3148 μιν
726 3064 1027 3149 ἄψορρον
1069 3061 1417 3149 προσέφην
1464 3062 1716 3139 δολίοις
1760 3060 2087 3129 ἐπέεσσιν

355 3169 495 3254 ,νέα
538 3168 660 3254 μέν
705 3192 820 3253 μοι
861 3168 1127 3248 κατέαξε
1174 3167 1570 3233 Ποσειδάων
1615 3167 1987 3253 ἐνοσίχθων

354 3277 518 3363 πρὸς
562 3274 836 3362 πέτρῃσι
880 3276 1106 3358 βαλὼν
1146 3274 1318 3360 ὑμῆς
1363 3272 1471 3340 ἐπὶ
1514 3277 1778 3361 πείρασι
1820 3277 2041 3359 γαίης,

356 3383 522 3468 ἄκρῃ
567 3381 1055 3467 προσπελάσας·
1100 3381 1340 3465 ἄνεμος
1385 3378 1448 3446 δ’
1501 3379 1574 3446 ἐκ
1616 3382 1868 3446 πόντου
1911 3383 2190 3446 ἔνεικεν·
2261 3396 2367 3445 285

354 3487 564 3573 αὐτὰρ
609 3485 736 3570 ἐγὼ
784 3489 913 3552 σὺν
955 3487 1178 3552 τοῖσδε
1222 3484 1612 3571 ὑπέκφυγον
1657 3488 1861 3553 αἰπὺν
1906 3488 2234 3572 ὄλεθρονέ
