2646 3932
366 195 449 259 88
1119 198 1537 250 οΔΤΣΣΕΙΑΣ
1573 199 1637 252 Ε.

363 337 474 405 καὶ
517 341 593 404 τὸ
640 336 762 425 μὲν
808 335 897 417 ὥς
931 339 1253 422 ὑπάλυξε,
1298 341 1746 425 παλιρρόθιον
1782 335 1863 403 δέ
1892 361 2009 421 μιν
2045 332 2230 415 αὖτις
2277 355 2383 404 430

365 445 608 529 πλῆξεν
654 443 1131 529 ἐπεσσύμενον,
1177 449 1385 528 τηλοῦ
1431 444 1511 511 δέ
1551 468 1667 530 μιν
1712 446 1952 528 ἔμβαλε
1996 445 2235 533 πόντφ.

368 550 456 626 ὡς
502 544 564 615 δ’
616 549 724 615 ὅτε
767 550 1193 627 πουλύποδος
1236 551 1545 634 θαλάμης
1591 548 2040 634 ἐξελκομένοιο

366 657 530 739 πρὸς
574 656 1108 740 κοτυληδονόφιν
1152 655 1426 722 πυκιναὶ
1470 657 1733 739 λάιγγες
1778 658 2069 740 ἔχονται,

370 755 458 837 ὧς
502 769 622 826 τοῦ
667 761 834 847 πρὸς
876 759 1151 847 πέτρῃσι
1194 762 1578 844 θρασειάων
1623 762 1750 827 ἀπὸ
1795 773 2035 848 χειρῶν

370 864 546 950 ῥινοὶ
591 865 1054 952 ἀπέδρυφθεν·
1114 868 1234 933 τὸν
1282 864 1356 933 δὲ
1402 865 1566 951 μέγα
1611 876 1786 951 κῦμα
1829 869 2140 945 κάλυψεν.
2283 884 2387 932 435

369 973 539 1037 ἔνθα
582 995 655 1037 κε
701 972 784 1055 δὴ
833 973 1161 1057 δύστηνος
1204 968 1371 1058 ὑπὲρ
1417 975 1629 1058 μόρον
1673 967 1860 1038 ὤλετ’
1906 967 2287 1054 Ὀδυσσεύς,

371 1077 434 1141 εἰ
474 1078 562 1161 μὴ
610 1076 1068 1164 ἐπιφροσύνην
1115 1079 1284 1143 δῶκε
1330 1083 1707 1161 γλαυκῶπις
1746 1072 2014 1162 Ἀθήνη.

369 1183 656 1268 κύματος
700 1183 1053 1267 ἐξαναδύς,
1097 1185 1178 1250 τά
1221 1179 1280 1249 τ’
1332 1182 1666 1268 ἐρεύγεται
1712 1183 2094 1269 ηπειρόνδε,

370 1297 529 1373 νῆχε
572 1285 774 1376 παρὲξ
820 1289 887 1367 ἐς
929 1301 1129 1374 γαῖαν
1174 1290 1539 1377 ὁρώμενος,
1585 1295 1653 1356 εἴ
1688 1311 1821 1355 που
1868 1288 2140 1375 ἐφεύροι

372 1395 601 1478 ἠιόνας
641 1418 712 1461 τε
756 1401 1186 1482 παραπλῆγας
1231 1394 1499 1480 λιμένας
1541 1417 1612 1461 τε
1656 1395 2016 1478 θαλάσσης.
2281 1410 2386 1460 440

374 1495 517 1566 ἀλλ’
569 1500 677 1567 ὅτε
723 1502 807 1585 δὴ
853 1513 1174 1586 ποταμοῖο
1219 1503 1384 1567 κατὰ
1429 1503 1637 1586 στόμα
1681 1504 2059 1587 καλλιρόοιο

375 1597 468 1684 ἷξε
512 1604 708 1689 νέων,
761 1616 842 1692 τῇ
889 1608 973 1691 δή
1019 1607 1090 1672 οί
1129 1606 1382 1673 ἐείσατο
1428 1618 1642 1692 χῶρος
1687 1608 1981 1691 ἄριστος,

373 1717 548 1789 λεῖος
592 1713 925 1798 πετράων,
970 1710 1081 1778 καὶ
1127 1710 1232 1777 ἐπὶ
1279 1711 1522 1789 σκέπας
1565 1707 1651 1796 ἦν
1697 1711 1997 1797 ἀνέμοιο,

373 1820 543 1901 ἔγνω
591 1814 666 1884 δὲ
709 1817 1076 1904 προρέοντα
1118 1816 1228 1884 καὶ
1273 1817 1505 1897 εὔξατο
1549 1817 1632 1883 ὃν
1675 1818 1838 1883 κατὰ
1879 1820 2134 1904 θυμόν·

376 1928 652 2008 ,,κλῦθι,
694 1922 887 2008 ἄναξ,
924 1924 1061 2002 ὅτις
1098 1924 1267 1990 ἐσσί·
1303 1923 1748 1990 πολύλλιστον
1786 1922 1865 1990 δέ
1897 1919 1958 1990 σ’
2003 1925 2238 2007 ἱκάνω,
2287 1940 2388 1990 445

375 2032 646 2123 φεύγων
691 2031 763 2097 ἐκ
805 2034 1075 2097 πόντοιο
1123 2031 1596 2107 Ποσειδάωνος
1640 2029 1885 2107 ἐνιπάς.

377 2139 630 2215 αἰδοῖος
673 2136 795 2221 μέν
837 2132 897 2202 τ’
948 2135 1086 2202 ἐστὶ
1127 2134 1238 2202 καὶ
1283 2135 1682 2202 ἀθανάτοισι
1724 2141 1990 2201 θεοῖσιν

377 2242 645 2328 ἀνδρῶν
690 2242 763 2319 ὅς
806 2266 907 2319 τις
952 2243 1167 2325 ἵκηται
1212 2240 1578 2325 ἀλώμενος,
1625 2241 1715 2318 ὡς
1757 2240 1868 2306 καὶ
1915 2242 2041 2325 ἐγὼ
2086 2252 2215 2308 νῦν

378 2350 501 2414 σόν
544 2371 613 2413 τε
659 2349 822 2433 ῥόον
867 2348 953 2413 σά
995 2370 1065 2413 τε
1108 2340 1396 2430 γούναθ’
1450 2347 1652 2413 ἱκάνω
1698 2348 1912 2412 πολλὰ
1956 2351 2265 2433 μογήσας.

379 2450 523 2521 ἀλλ’
574 2453 855 2540 ἐλέαιρε,
902 2453 1093 2534 ἄναξ·
1158 2450 1372 2537 ἱκέτης
1417 2451 1498 2518 δέ
1536 2475 1641 2519 τοι
1685 2453 1959 2538 εὔχομαι
2005 2450 2240 2519 εἶναι.“
2286 2471 2392 2521 450

467 2554 555 2637 ὧς
590 2554 788 2645 φάθ’,
826 2559 863 2626 ὁ
900 2553 962 2624 δ’
997 2559 1230 2624 αὐτίκα
1257 2568 1512 2624 παῦσεν
1541 2557 1651 2625 ἑὸν
1680 2559 1871 2644 ῥόον,
1910 2562 2058 2644 ἔσχε
2087 2556 2160 2625 δὲ
2188 2570 2391 2643 κῦμα.

377 2667 633 2751 πρόσθε
680 2662 759 2729 δέ
801 2664 872 2730 οί
910 2667 1144 2749 ποίησε
1189 2667 1519 2749 γαλήνην,
1565 2667 1685 2730 τὸν
1731 2662 1804 2731 δὲ
1851 2666 2111 2731 σάωσεν

379 2770 445 2847 ἐς
486 2778 786 2854 ποταμοῦ
830 2771 1133 2856 προχοάς.
1208 2769 1245 2836 ὁ
1292 2765 1354 2836 δ’
1407 2765 1512 2856 ἄρ’
1563 2772 1759 2855 ἄμφω
1796 2766 2064 2854 γούνατ’
2107 2774 2394 2855 ἔκαμψεν

378 2876 600 2962 χεῖράς
640 2897 711 2940 τε
757 2876 1094 2960 στιβαράς·
1158 2873 1268 2941 ἁλὶ
1310 2875 1439 2961 γάρ
1486 2874 1770 2960 δέδμητο
1817 2879 2020 2960 φίλον
2064 2885 2204 2962 κῆρ.

379 2980 541 3070 ᾤδεε
589 2977 663 3046 δὲ
705 2983 872 3066 χρόα
915 2982 1160 3064 πάντα,
1203 2982 1515 3046 θάλασσα
1561 2977 1634 3046 δὲ
1678 2985 1861 3065 κήκιε
1905 2982 2117 3065 πολλὴ
2289 2999 2393 3047 455

379 3086 464 3152 ἂν
500 3089 708 3171 στόμα
744 3110 812 3151 τε
849 3087 1040 3172 ῥῖνάς
1072 3081 1181 3152 θ’·
1227 3086 1264 3153 ὁ
1303 3081 1366 3152 δ’
1409 3080 1515 3172 ἄρ’
1558 3087 1924 3163 ἄπνευστος
1957 3084 2069 3152 καὶ
2105 3088 2396 3164 ἄναυδος

378 3187 536 3260 κεῖτ’
588 3191 1063 3276 ὀλιγηπελέων,
1109 3194 1395 3277 κάματος
1442 3190 1521 3257 δέ
1561 3215 1678 3276 μιν
1723 3194 1909 3269 αἰνὸς
1955 3193 2198 3258 ἵκανεν.

381 3293 533 3364 ἀλλ’
585 3298 692 3364 ὅτε
739 3300 823 3383 δή
868 3294 930 3384 ῥ’
982 3300 1281 3384 ἄμπνυτο
1328 3295 1438 3363 καὶ
1483 3296 1551 3375 ἐς
1594 3296 1810 3382 φρένα
1852 3299 2073 3381 θυμὸς
2118 3297 2396 3382 ἀγέρθη,

379 3403 490 3472 καὶ
534 3406 680 3471 τότε
729 3404 811 3487 δὴ
859 3405 1233 3489 κρήδεμνον
1279 3404 1409 3469 ἀπὸ
1454 3402 1526 3469 ἕο
1573 3407 1731 3469 λῦσε
1776 3408 1987 3469 θεοῖο.

380 3509 490 3577 καὶ
532 3513 608 3576 τὸ
654 3506 777 3595 μὲν
822 3509 889 3587 ἐς
933 3510 1230 3594 ποταμὸν
1275 3508 1718 3593 ἁλιμυρήεντα
1763 3515 2091 3593 μεθῆκεν,
2292 3526 2397 3574 450
