2646 3932
399 169 482 233 76
1150 173 1565 225 ΟΔΤΣΣΕῙΑΣ
1602 176 1663 226 Ε.

394 324 583 378 ναῖεν
629 313 1067 398 ἐυπλόκαμος·
1129 315 1253 397 τὴν
1298 311 1361 380 δ’
1414 317 1650 381 ἔνδοθι
1693 314 1924 400 τέτμεν
1969 314 2229 381 ἐοῦσαν.

395 427 529 503 πῦρ
574 414 696 502 μὲν
742 417 842 483 ἐπ’
895 418 1260 506 ἐσχαρόφιν
1304 419 1472 506 μέγα
1515 424 1767 504 καίετο,
1812 423 2050 505 τηλόσε
2095 417 2157 486 δ’
2209 420 2378 505 ὀδμὴ

393 522 638 608 κέδρου
681 521 740 589 τ’
793 525 1130 591 εὐκεάτοιο
1175 527 1359 593 θύου
1403 524 1461 592 τ’
1514 527 1643 592 ἀνὰ
1686 535 1898 611 νῆσον
1944 527 2230 593 ὀδώδειν
2346 543 2415 591 60

397 629 795 713 δαιομένων·
839 630 883 714 ἡ
930 628 992 697 δ’
1045 633 1246 698 ἔνδον
1290 630 1665 699 ἀοιδιάουσ’
1718 631 1831 698 ὀπὶ
1875 636 2043 718 καλῇ

397 733 583 799 ἰστὸν
629 734 1018 821 ἐποιχομένη
1064 741 1340 824 χρυσείῃ
1384 736 1634 826 κερκίδ’
1684 739 1988 824 ὕφαινεν.

394 839 521 922 ὕλη
569 836 643 905 δὲ
689 840 886 919 σπέος
933 840 1104 928 ἀμφὶ
1147 844 1431 929 πεφύκει
1474 846 1893 928 τηλεθόωσα,

395 947 655 1032 κλήθρη
701 944 759 1011 τ’
812 951 1103 1034 αἴγειρός
1145 972 1215 1014 τε
1260 948 1374 1015 καὶ
1418 949 1673 1034 εὐώδης
1715 952 2141 1034 κυπάρισσος.

396 1055 564 1117 ἔνθα
611 1052 691 1119 δέ
727 1051 787 1118 τ’
841 1055 1111 1139 ὄρνιθες
1157 1058 1625 1143 τανυσίπτεροι
1668 1055 2021 1136 εὐνάζοπο
2034 1105 2053 1139 ,
2349 1072 2417 1122 65

396 1158 650 1236 σκῶπές
692 1157 751 1224 τ’
804 1159 1024 1243 ἴρηκές
1066 1184 1137 1227 τε
1181 1163 1650 1244 τανύγλωσσοί
1683 1185 1755 1227 τε
1799 1173 2090 1246 κορῶναι

396 1266 707 1348 εἰνάλιαι,
753 1268 946 1351 τῇσίν
989 1289 1060 1332 τε
1104 1269 1442 1333 θαλάσσια
1487 1270 1648 1353 ἔργα
1692 1266 1998 1352 μέμηλεν.

394 1370 436 1454 ἡ
485 1369 546 1435 δ’
598 1371 805 1437 αὐτοῦ
848 1373 1206 1438 τετάνυστο
1253 1372 1406 1459 περὶ
1452 1377 1722 1450 σπείους
1766 1379 2140 1460 γλαφυροῖο

394 1475 624 1562 ἡμερὶς
665 1476 981 1560 ἡβώωσα,
1025 1480 1294 1562 τεθήλει
1344 1475 1418 1545 δὲ
1464 1485 1900 1565 σταφυλῇσιν.

395 1593 632 1670 κρῆναι
678 1581 740 1649 δ’
793 1582 1001 1667 ἑξείης
1043 1586 1318 1671 πίσυρες
1365 1584 1521 1672 ῥέον
1565 1585 1761 1650 ὕδατι
1806 1590 2049 1673 λευκῷ,
2347 1603 2415 1651 70

395 1693 665 1773 πλησίαι
710 1688 1014 1773 ἀλλήλων
1057 1690 1496 1777 τετραμμέναι
1542 1691 1815 1769 ἄλλυδις
1861 1693 2043 1774 ἄλλη.

396 1793 566 1880 ἀμφὶ
613 1793 687 1862 δὲ
732 1800 1045 1880 λειμῶνες
1090 1795 1373 1880 μαλακοὶ
1418 1803 1529 1862 ἴου
1573 1794 1693 1880 ἠδὲ
1740 1800 2007 1863 σελίνου

394 1904 663 1986 θήλεον.
737 1903 905 1966 ἔνθα
951 1898 1013 1966 κ’
1067 1904 1288 1968 ἔπειτα
1333 1901 1447 1969 καὶ
1491 1902 1827 1980 ἀθάνατός
1870 1924 1993 1989 περ
2041 1903 2344 1969 ἐπελθὼν

393 2010 723 2092 θηήσαιτο
770 2009 935 2073 ι’δὼν
978 2005 1090 2073 καὶ
1135 2012 1457 2095 τερφθείη
1505 2007 1747 2095 φρεσὶν
1790 2001 1960 2096 ᾗσιν.

396 2117 565 2179 ἔνθα
610 2114 767 2190 στὰς
809 2119 1041 2198 θηεῖτο
1088 2115 1437 2199 διάκτορος
1479 2114 1933 2201 ἀργεϊφόντης.
2346 2132 2412 2182 75

396 2220 604 2304 αὐτὰρ
650 2217 790 2285 ἐπεὶ
836 2220 918 2302 δὴ
964 2221 1178 2285 πάντα
1224 2218 1309 2308 ἑῷ
1354 2222 1658 2305 θηήσατο
1702 2227 1932 2310 θυμῷ,

394 2322 605 2390 αὐτίκ’
659 2322 764 2409 ἄρ’
816 2326 911 2401 εἰς
954 2325 1118 2409 εὐρὺ
1164 2324 1363 2403 σπέος
1404 2327 1678 2409 ἤλυθεν.
1753 2326 1918 2393 οὐδέ
1957 2351 2073 2412 μιν
2117 2329 2324 2411 ἄντην

393 2432 750 2514 ἠγνοίησεν
797 2431 1034 2495 ἰδοῦσα
1080 2432 1377 2509 Καλυψὼ
1427 2432 1538 2496 δῖα
1582 2432 1838 2497 θεάων·

395 2537 477 2601 οὐ
521 2537 650 2619 γάρ
696 2533 759 2600 τ’
814 2535 1101 2618 ἀγνῶτες
1143 2535 1298 2602 θεοὶ
1345 2536 1690 2621 ἀλλήλοισι
1733 2536 2043 2605 πέλονται

395 2642 750 2724 ἀθάνατοι,
797 2639 944 2707 οὐδ’
997 2648 1065 2707 εἴ
1099 2664 1199 2719 τις
1244 2642 1585 2727 ἀπόπροθι
1632 2645 1899 2728 δώματα
1943 2646 2133 2709 ναίει.
2342 2661 2412 2710 80

396 2745 540 2813 οὐδ’
593 2744 698 2833 ἄρ’
744 2744 1072 2832 Ὀδυσσῆα
1115 2751 1529 2835 μεγαλήτορα
1574 2750 1774 2815 ἔνδον
1818 2752 2109 2834 ἔτετμεν,

395 2850 538 2917 ἀλλ’
583 2852 619 2917 ὅ
655 2849 720 2935 γ’
764 2851 867 2918 ἐπ’
912 2852 1110 2937 ἀκτῆς
1143 2858 1328 2920 κλαῖε
1363 2857 1762 2940 καθήμενος,
1808 2857 1979 2920 ἔνθα
2021 2857 2231 2941 πάρος
2266 2878 2409 2941 περ,

395 2959 679 3043 δάκρυσι
722 2957 833 3024 καὶ
880 2969 1238 3045 στοναχῇσι
1282 2959 1396 3026 καὶ
1440 2962 1670 3044 ἄλγεσι
1711 2962 1937 3045 θυμὸν
1982 2960 2295 3048 ἐρέχθων.

396 3067 669 3145 [πόντον
715 3062 815 3130 ἐπ’
868 3064 1229 3150 ἀτρύγετον
1276 3064 1659 3151 δερκέσκετο
1707 3068 1963 3153 δάκρυα
2008 3072 2292 3152 λείβων.]

383 3167 690 3256 Ἑρμείαν
735 3168 797 3236 δ’
851 3168 1094 3256 ἐρέεινε
1138 3173 1436 3250 Καλυψὼ
1483 3174 1596 3238 δῖα
1637 3174 1897 3257 θεάων,
2342 3191 2412 3241 85

393 3276 466 3341 ἐν
510 3279 741 3365 θρόνῳ
789 3276 1118 3360 ἱδρύσασα
1161 3286 1415 3366 φαεινῷ
1462 3281 1863 3361 σιγαλόεντι·

394 3384 619 3465 ,,τίπτε
665 3405 808 3467 μοι,
845 3379 1113 3467 Ἑρμεία
1156 3386 1601 3470 χρυσόρραπι,
1649 3385 2049 3468 εἰλήλουθας

392 3489 648 3565 αἰδοῖός
691 3511 761 3554 τε
807 3491 1003 3573 φίλος
1045 3511 1144 3567 τες
1191 3489 1403 3574 πάρος
1444 3512 1521 3573 γε
1565 3486 1688 3574 μὲν
1734 3491 1817 3556 οὔ
1861 3514 1927 3556 τι
1969 3494 2285 3576 θαμίζεις.
