2646 3932
364 198 491 263 110
1111 198 1526 251 οΔΤΣΣΕΙΑΣ
1561 200 1631 249 Η.

359 349 463 408 εἴα
508 339 615 407 ἐπὶ
659 342 923 426 σχεδίης
968 339 1165 406 ἁδινὰ
1210 340 1613 423 στενάχοντα
1659 337 2005 425 φέρεσθαι.

357 448 481 531 τὴν
524 444 646 532 μὲν
691 449 912 512 ἔπειτα
955 446 1211 511 θύελλα
1258 440 1654 511 διεσκέδασ’·
1701 445 1909 531 αὐτὰρ
1957 444 2085 527 ἐγώ
2130 468 2209 528 γε
2272 462 2379 511 275

358 555 719 638 νηχόμενος
764 553 916 618 τόδε
962 557 1201 636 λαῖτμα
1247 550 1634 635 διέτμαγον,
1681 552 1860 636 ὄφρα
1904 574 1982 635 με
2027 553 2183 636 γαίῃ

357 658 635 744 ὑμετέρῃ
681 657 995 724 ἐπέλασσε
1043 657 1268 743 φέρων
1314 658 1554 741 ἄνεμός
1596 679 1667 722 τε
1712 654 1823 721 καὶ
1867 655 2070 741 ὕδωρ.

358 766 528 829 ἔνθα
571 762 651 830 κέ
689 761 756 848 μ’
810 762 1199 848 ἐκβαίνοντα
1242 766 1519 847 βιήσατο
1563 756 1716 846 κῦμ’
1768 760 1875 828 ἐπὶ
1918 761 2192 848 χέρσου,

359 868 600 956 πέτρῃς
644 870 809 955 πρὸς
852 870 1172 955 μεγάλῃσι
1219 869 1428 953 βαλὸν
1470 866 1581 934 καὶ
1630 867 1891 954 ἀτερπέι
1935 869 2157 956 χώρῳ·

360 970 503 1041 ἀλλ’
556 975 1095 1060 ἀναχασσάμενος
1139 982 1348 1058 νῆχον
1392 974 1623 1057 πάλιν,
1671 966 1806 1051 εἷος
1852 973 2148 1057 ἐπῆλθον
2274 990 2379 1039 280

360 1081 426 1159 ἐς
469 1084 797 1166 ποταμόν,
843 1089 922 1165 τῇ
971 1082 1054 1164 δή
1098 1103 1212 1165 μοι
1259 1079 1511 1145 ἐείσατο
1558 1091 1772 1166 χῶρος
1816 1082 2111 1166 ἄριστος,

360 1192 534 1264 λεῖος
577 1187 908 1272 πετράων,
954 1185 1066 1252 καὶ
1111 1185 1217 1252 ἐπὶ
1264 1185 1507 1264 σκέπας
1551 1181 1639 1269 ἦν
1684 1185 1972 1271 ἀνέμοιο.

360 1291 431 1358 ἐκ
477 1287 539 1358 δ’
591 1294 829 1357 ἔπεσον
871 1289 1339 1377 θυμηγερέων,
1387 1290 1493 1357 ἐπὶ
1540 1286 1604 1356 δ’
1657 1291 1986 1377 ἀμβροσίη
2032 1292 2154 1373 νὺξ

359 1392 584 1480 ἤλυθ’.
658 1397 785 1480 ἐγὼ
833 1391 896 1462 δ’
948 1396 1286 1463 ἀπάνευθε
1335 1396 1656 1475 διιπετέος
1700 1409 2023 1483 ποταμοῖο

361 1503 554 1588 ἐκβὰς
599 1503 673 1570 ἐν
716 1504 1039 1588 θάμνοισι
1083 1500 1533 1589 κατέδραθον,
1582 1502 1753 1588 ἀμφὶ
1798 1500 1872 1570 δὲ
1916 1505 2138 1588 φύλλα
2273 1522 2376 1572 285

359 1609 746 1694 ἠφυσάμην·
790 1609 1006 1675 ὕπνον
1053 1605 1127 1675 δὲ
1171 1609 1331 1687 θεὸς
1375 1605 1516 1675 κατ’
1571 1609 1887 1696 ἀπείρονα
1931 1621 2139 1696 χεῦεν.

360 1716 529 1779 ἔνθα
572 1711 695 1800 μὲν
740 1715 812 1781 ἐν
857 1715 1173 1800 φύλλοισι
1217 1718 1421 1800 φίλον
1464 1713 1842 1800 τετιημένος
1887 1711 2047 1802 ἦτορ

360 1815 563 1886 εὗδον
605 1822 967 1906 παννύχιος
1009 1820 1121 1887 καὶ
1167 1816 1267 1886 ἐπ’
1316 1821 1415 1905 ἠῶ
1460 1820 1571 1887 καὶ
1615 1820 1819 1905 μέσον
1862 1817 2055 1908 ἦμαρ.

363 1928 611 1993 δείλετό
654 1921 713 1993 τ’
763 1926 982 2011 ἠέλιος
1026 1931 1143 1995 καί
1181 1951 1261 2012 με
1305 1929 1554 2011 γλυκὺς
1596 1926 1806 2005 ὕπνος
1851 1926 2109 2012 ἀνῆκεν.

363 2034 778 2119 ἀμφιπόλους
825 2029 887 2099 δ’
939 2033 1047 2100 ἐπὶ
1090 2032 1240 2100 θινὶ
1284 2044 1435 2117 τεῆς
1480 2033 1723 2119 ἐνόησα
1765 2035 2103 2121 θυγατρὸς
2271 2053 2376 2102 290

362 2139 745 2223 παιζούσας,
792 2139 865 2205 ἐν
911 2135 974 2205 δ’
1026 2139 1189 2234 αὐτὴ
1239 2142 1357 2225 ἔην
1412 2139 1625 2205 ἐικυῖα
1670 2146 1938 2225 θεῇσιν·

360 2247 484 2330 τὴν
529 2240 838 2311 ίκέτευσ’·
882 2245 923 2328 ἡ
972 2244 1033 2311 δ’
1088 2246 1170 2311 οὔ
1212 2269 1277 2310 τι
1321 2248 1650 2329 νοήματος
1693 2245 2023 2331 ἤμβροτεν
2068 2246 2346 2331 ἐσθλοῦ,

362 2352 452 2428 ὡς
496 2350 620 2417 οὐκ
664 2349 749 2415 ἂν
795 2352 1020 2416 ἔλποιο
1066 2351 1394 2437 νεώτερον
1439 2350 1838 2417 ἀντιάσαντα

362 2454 653 2543 ἐρξέμεν·
701 2454 829 2521 αἰεὶ
872 2456 999 2541 γάρ
1044 2479 1113 2522 τε
1157 2457 1467 2541 νεώτεροι
1514 2455 1984 2542 ἀφραδέουσιν.

361 2564 403 2646 ἥ
448 2586 563 2647 μοι
608 2572 795 2626 σῖτον
841 2563 1086 2626 ἔδωκεν
1129 2562 1274 2639 ἅλις
1316 2556 1426 2645 ἠδ’
1478 2567 1730 2627 αἴθοπα
1776 2559 1965 2628 οἶνον
2268 2583 2372 2633 295

361 2667 473 2734 καὶ
518 2661 704 2733 λοῦσ’
756 2666 829 2732 ἐν
873 2675 1141 2755 ποταμῷ
1195 2670 1314 2732 καί
1353 2690 1468 2751 μοι
1511 2668 1668 2732 τάδε
1714 2663 1922 2752 εἵματ’
1974 2671 2234 2737 ἔδωκεν.

362 2775 566 2840 ταῦτά
608 2797 713 2839 τοι
758 2772 1124 2857 ἀχνύμενός
1167 2795 1289 2858 περ
1338 2772 1661 2856 ἀληθείην
1704 2772 2075 2854 κατέλεξα.“

449 2881 583 2971 τὸν,
612 2874 673 2944 δ’
725 2873 869 2944 αὖτ’
915 2873 1247 2955 ’Λλκίνοος
1292 2878 1685 2962 ἀπαμείβετο
1731 2878 2044 2964 φώνησέν
2088 2902 2183 2947 τε·

362 2980 594 3071 ,,ξεῖν’,
636 2979 678 3068 ἦ
723 3007 828 3050 τοι
870 2980 993 3069 μὲν
1035 2986 1232 3050 τοῦτό
1275 2979 1341 3066 γ’
1394 2983 1735 3069 ἐναίσιμον
1780 2984 1904 3050 οὐκ
1950 2985 2224 3071 ἐνόησεν

361 3102 514 3169 παῖς
541 3090 683 3174 ἐμή,
713 3089 954 3155 οὕνεκά
982 3083 1043 3153 σ’
1088 3090 1170 3155 οὔ
1197 3112 1260 3154 τι
1288 3084 1426 3173 μετ’
1469 3088 1902 3174 ἀμφιπόλοισι
1929 3092 2232 3173 γυναιξὶν
2267 3110 2371 3159 300

359 3193 521 3281 ἦγεν
567 3196 633 3273 ἐς
675 3193 1024 3281 ἡμέτερον,
1071 3197 1158 3260 σὺ
1204 3189 1267 3260 δ’
1320 3195 1449 3280 ἄρα
1493 3196 1763 3280 πρώτην
1809 3194 2204 3274 ίκέτευσας.“

448 3304 566 3369 τὸν
603 3297 665 3367 δ’
709 3301 1229 3387 ἀπαμειβόμενος
1264 3299 1568 3388 προσέφη
1605 3302 1968 3386 πολύμητις
1999 3297 2371 3381 Ὀδυσσεύς·

361 3409 610 3494 ,,ἥρως,
658 3411 746 3492 μή
791 3430 893 3473 τοι
938 3401 1196 3474 τούνεκ’
1249 3407 1556 3492 ἀμύμονα
1598 3409 1807 3473 νείκεε
1854 3408 2134 3494 κούρην·

360 3513 400 3597 ἡ
447 3510 569 3598 μὲν
615 3514 739 3599 γάρ
785 3508 853 3599 μ’
905 3513 1158 3580 ἐκέλευε
1205 3516 1334 3579 σὺν
1379 3513 1853 3598 ἀμφιπόλοισιν
1898 3512 2203 3599 ἕπεσθαι,
