2646 3932
416 209 545 274 124
1167 212 1583 264 οΔΤΣΣΕιΑΣ
1621 211 1687 267 Θ.

412 361 480 420 εί
514 377 630 420 κεν
658 352 860 439 ’Ἀρης
906 360 1152 439 οἴχοιτο
1198 352 1391 439 χρέος
1434 352 1545 420 καὶ
1592 356 1837 440 δεσμὸν
1883 355 2199 435 ἀλύξας;“

501 461 619 525 τὸν
666 457 727 525 δ’
779 454 935 525 αὖτε
979 457 1328 544 προσέειπε
1377 461 1771 526 Ποσειδάων
1817 460 2218 546 ἐνοσίχθων·

413 563 791 651 ,ξΉφαιστ’,
837 572 905 631 εἴ
940 587 1065 650 περ
1109 566 1237 651 γάρ
1281 589 1399 631 κεν
1426 564 1629 651 ’Ἀρης
1671 576 1890 651 χρεῖος
1932 567 2268 646 ὑπαλύξας
2327 584 2435 634 355

414 679 669 756 οἴχηται
713 672 1017 757 φεύγων,
1064 671 1263 749 αὐτός
1305 694 1413 737 τοι
1457 670 1584 755 ἐγὼ
1629 673 1784 737 τάδε
1829 674 2055 738 τίσω.“

499 779 618 844 τὸν
663 775 724 843 δ’
780 771 1069 862 ἠμείβετ’
1120 779 1343 842 ἔπειτα
1386 778 1775 862 περικλυτὸς
1821 776 2244 863 ἀμφιγυήεις·

412 883 580 967 ,,οὐκ
624 878 756 949 ἔστ’
809 878 968 948 οὐδὲ
1014 885 1186 948 ἔοικε
1229 883 1383 948 τεὸν
1427 886 1582 960 ἔπος
1626 882 2112 968 ἀρνήσασθαι.“

501 984 590 1067 ὥς
635 990 840 1054 εἰπὼν
889 990 1135 1073 δεσμὸν
1181 987 1353 1054 ἀνίει
1398 986 1596 1073 με’νος
1631 986 2043 1073 Ἡφαίστοιο.

288 1115 314 1140 ·
409 1097 501 1161 τὼ
549 1093 610 1161 δ’
665 1093 803 1160 ἐπεὶ
839 1094 912 1161 ἐκ
949 1096 1219 1180 δεσμοῖο
1256 1095 1470 1160 λύθεν
1504 1104 1829 1180 κρατεροῦ
1863 1117 1986 1181 περ
2025 1095 2279 1180 ἐόντος,
2327 1115 2435 1165 300

411 1198 622 1266 αὐτίκ’
677 1199 1026 1280 ἀναΐξαντε
1071 1200 1108 1267 ὁ
1154 1196 1278 1285 μὲν
1325 1199 1670 1286 Θρῄκηνδε
1717 1203 2054 1286 βεβήκειν,

409 1307 450 1390 ἡ
499 1304 560 1372 δ’
615 1308 742 1392 ἄρα
787 1307 1068 1391 Κύπρον
1114 1307 1297 1372 ἵκανε
1346 1307 1784 1391 φιλομμειδὴς
1824 1301 2209 1394 Ἀφροδίτη,

412 1412 478 1489 ἐς
525 1412 799 1496 Πάφον·
845 1414 1016 1477 ἔνθα
1061 1411 1141 1477 δέ
1181 1412 1254 1477 οί
1292 1411 1562 1496 τέμενος
1606 1414 1828 1497 βωμός
1869 1435 1942 1479 τε
1983 1417 2236 1498 θυήεις.

412 1523 580 1584 ἔνθα
627 1515 707 1583 δέ
747 1541 863 1602 μιν
907 1518 1168 1602 χάριτες
1213 1522 1466 1584 λοῦσαν
1509 1515 1621 1583 καὶ
1664 1529 1903 1604 χρῖσαν
1948 1518 2143 1609 ἐλαίφ

413 1625 750 1711 ἀμβρότῳ,
797 1614 909 1688 οἶα
951 1625 1159 1700 θεοὺς
1206 1621 1616 1707 ἐπενήνοθεν
1662 1620 1807 1689 αἰὲν
1854 1622 2111 1709 ἐόντας,
2329 1645 2434 1695 305

413 1727 581 1815 ἀμφὶ
628 1725 702 1795 δὲ
748 1730 979 1814 εἵματα
1024 1728 1227 1795 ἕσσαν
1274 1728 1594 1814 ἐπήρατα,
1639 1734 1870 1814 θαῦμα
1917 1729 2199 1797 ἰδέσθαι.

499 1832 680 1901 ταῦτ’
735 1829 841 1920 ἄρ’
892 1834 1120 1912 ἀοιδὸς
1165 1836 1343 1900 ἄειδε
1379 1837 1794 1921 περικλυτός·
1841 1835 2049 1921 αὐτὰρ
2083 1831 2435 1917 Ὀδυσσεὺς

412 1935 662 2028 τέρπετ’
715 1938 816 2007 ἐνὶ
862 1939 1104 2027 φρεσὶν
1149 1930 1306 2028 ᾖσιν
1353 1939 1618 2007 ἀκούων
1671 1937 1792 2025 ἠδὲ
1836 1939 1946 2008 καὶ
1992 1943 2183 2011 ἄλλοι

419 2053 702 2134 Φαίηκες
747 2049 1237 2132 δολιχήρετμοι,
1281 2050 1713 2113 ναυσίκλυτοι
1756 2048 2011 2133 ἄνδρες.

496 2150 830 2230 Ἀλκίνοος
875 2148 938 2218 δ’
975 2151 1205 2218 ’Ἀλιον
1248 2150 1360 2218 καὶ
1404 2153 1856 2237 Λαοδάμαντα
1898 2152 2209 2222 κέλευσεν
2328 2176 2433 2224 370

412 2258 664 2345 μουνὰξ
710 2259 1155 2344 ὀρχήσασθαι,
1204 2257 1351 2324 ἐπεί
1389 2274 1625 2342 σφισιν
1670 2259 1753 2324 οὔ
1798 2283 1898 2337 τις
1942 2263 2168 2346 ἔριζεν.

414 2367 486 2432 οί
525 2363 587 2431 δ’
641 2362 781 2431 ἐπεὶ
826 2359 952 2430 οὖν
997 2374 1294 2449 σφαῖραν
1339 2364 1548 2448 καλὴν
1592 2366 1753 2449 μετὰ
1796 2364 2025 2451 χερσὶν
2070 2367 2333 2452 ἕλοντο,

412 2470 840 2557 πορφυρέην,
886 2473 1009 2554 τήν
1054 2486 1219 2555 σφιν
1267 2473 1578 2554 Πόλυβος
1622 2474 1857 2555 ποίησε
1905 2472 2240 2558 δαΐφρων,

413 2579 537 2663 τὴν
582 2577 802 2662 ἕτερος
847 2576 1158 2662 ῥίπτασκε
1202 2574 1357 2641 ποτὶ
1400 2574 1607 2661 νέφεα
1652 2579 1955 2643 σκιόεντα
2153 2551 2170 2579 ⁹

415 2680 728 2759 ἰδνωθεὶς
772 2681 1013 2764 ὀπίσω,
1060 2681 1097 2748 ὁ
1145 2676 1207 2748 δ’
1260 2681 1387 2747 ἀπὸ
1432 2682 1680 2766 χθονὸς
1723 2677 1922 2760 ὑψόσ’
1974 2682 2239 2769 ἀερθεὶς
2329 2703 2432 2752 375

417 2790 690 2875 ῥηιδίως
734 2786 1123 2873 μεθέλεσκε,
1168 2789 1379 2873 πάρος
1422 2786 1622 2853 ποσὶν
1667 2783 1873 2866 οὖδας
1920 2788 2197 2855 ἱκέσθαι.

415 2895 624 2981 αὐτὰρ
670 2891 809 2960 ἐπεὶ
856 2894 939 2978 δὴ
987 2897 1240 2980 σφαίρῃ
1286 2888 1391 2959 ἀν’
1446 2896 1608 2959 ἰθὺν
1651 2897 2078 2985 πειρήσαντο,

416 3003 793 3087 ὠρχείσθην
839 3001 923 3085 δὴ
970 3003 1191 3066 ἔπειτα
1236 2998 1389 3066 ποτὶ
1433 2998 1635 3086 χθονὶ
1677 3004 2160 3088 πουλυβοτείρῃ

412 3101 647 3194 ταρφέ’
699 3105 1139 3193 ἀμειβομένω·
1182 3116 1418 3192 κοῦροι
1463 3102 1526 3173 δ’
1578 3106 1930 3192 ἐπελήκεον
1975 3109 2164 3175 ἄλλοι

416 3212 721 3291 ἑστεῶτες
756 3210 897 3279 κατ’
933 3213 1191 3297 ἀγῶνα,
1227 3216 1436 3290 πολὺς
1463 3208 1525 3278 δ’
1556 3213 1687 3279 ὑπὸ
1715 3216 1966 3299 κόμπος
1993 3214 2288 3302 ὀρώρειν.
2327 3232 2432 3283 380

415 3321 499 3405 δὴ
544 3316 679 3386 τότ’
731 3316 835 3405 ἄρ’
883 3314 1227 3385 Ἀλκίνοον
1270 3319 1695 3403 προσεφώνεε
1741 3321 1885 3397 δῖος
1923 3318 2299 3399 Ὀδυσσεύς·

415 3422 744 3511 ,,Ἀλκίνοε
788 3437 1043 3511 κρεῖον,
1089 3426 1358 3490 πάντων
1404 3423 1760 3511 ἀριδείκετε
1806 3430 2015 3509 λαῶν,

413 3528 579 3618 ἠμὲν
625 3531 979 3616 ἀπείλησας
1023 3532 1442 3616 βητάρμονας
1488 3526 1665 3596 εἶναι
1710 3530 2050 3616 ἀρίστους,
