2646 3932
331 189 377 252 4
1084 194 1501 246 οΔΤΣΣΕῙΑΣ
1537 195 1601 248 A.

332 334 398 398 εί
435 329 556 417 μὲν
600 334 684 418 δὴ
729 343 859 401 νῦν
902 343 1099 401 τοῦτο
1145 339 1349 420 φίλον
1393 336 1758 421 μακάρεσσι
1799 342 2097 421 θεοῖσιν,

330 448 650 523 νοστῆσαι
688 438 972 525 Ὀδυσῆα
1016 443 1412 527 πολύφρονα
1459 442 1615 508 ὅνδε
1663 444 1982 528 δόμονδε,
2039 480 2042 489 ·

323 541 626 630 Ἑρμείαν
670 542 791 630 μὲν
835 549 1055 614 ἔπειτα
1101 549 1455 632 διάκτορον
1502 547 1950 634 ἀργεϊφόντην

332 659 539 734 νῆσον
583 650 651 729 ἐς
687 651 1003 737 Ὠγυγίην
1049 653 1447 738 ὀτρύνομεν,
1494 654 1674 739 ὄφρα
1718 654 1990 739 τάχιστα
2278 672 2345 723 85

328 758 558 844 νύμφῃ
604 757 992 847 ἐυπλοκάμῳ
1039 765 1189 844 εἴπῃ
1235 758 1561 844 νημερτέα
1606 763 1891 845 βουλήν,

329 865 572 929 νόστον
608 862 965 948 Ὀδυσσῆος
1010 867 1529 950 ταλασίφρονος,
1576 866 1666 943 ὥς
1707 889 1783 932 κε
1827 866 2086 951 νέηται·

329 970 538 1055 αὐτὰρ
583 969 754 1055 ἐγὼν
792 969 1124 1055 Ἰθάκηνδ’
1178 970 1636 1056 ἐσελεύσομαι,
1683 973 1863 1057 ὄφρα
1908 975 1980 1038 οἰ
2018 974 2171 1040 υίὸν

328 1081 580 1161 μᾶλλον
627 1076 966 1163 ἐποτρύνω
1013 1080 1131 1144 καί
1170 1078 1241 1144 οἱ
1280 1076 1479 1162 μένος
1524 1077 1598 1144 ἐν
1642 1078 1843 1164 φρεσὶ
1886 1083 2084 1164 θείω,

328 1184 424 1260 εἰς
460 1182 711 1268 ἀγορὴν
756 1183 1122 1250 καλέσαντα
1165 1184 1336 1269 κάρη
1382 1186 1764 1268 κομόωντας
1801 1183 2102 1271 Ἀχαιοὺς
2279 1203 2348 1255 90

326 1298 490 1355 πᾶσι
532 1293 1017 1376 μνηστήρεσσιν
1064 1288 1454 1373 ἀπειπέμεν,
1501 1291 1573 1356 οἵ
1610 1290 1686 1356 τέ
1728 1293 1798 1357 οἰ
1838 1290 1966 1356 αἰεὶ

328 1393 479 1479 μῆλ’
531 1394 729 1461 ἁδινὰ
773 1397 1101 1480 σφάζουσι
1145 1394 1256 1462 καὶ
1301 1398 1638 1474 εἰλίποδας
1682 1396 1901 1475 ἕλικας
1944 1401 2124 1482 βοῦς.

326 1500 560 1585 πέμψω
607 1499 668 1568 δ’
723 1500 789 1579 ἐς
834 1501 1154 1588 Σπάρτην
1197 1524 1266 1568 τε
1312 1501 1423 1568 καὶ
1469 1501 1535 1580 ἐς
1580 1504 1815 1569 Πύλον
1861 1502 2245 1586 ἠμαθόεντα

328 1610 570 1674 νόστον
612 1609 1028 1692 πευσόμενον
1072 1609 1319 1694 πατρὸς
1365 1611 1599 1693 φίλου,
1645 1608 1732 1691 ῆν
1775 1629 1909 1674 που
1957 1608 2239 1696 ἀκούσῃ,

329 1713 436 1797 ἠδ’
489 1715 601 1780 ἵνα
646 1738 761 1798 μιν
805 1712 994 1791 κλέος
1039 1712 1289 1780 ἐσθλὸν
1327 1713 1401 1778 έν
1439 1713 1902 1799 ἀνθρώποισιν
1939 1717 2231 1800 ἔχῃσιν.“
2278 1734 2346 1784 95

419 1815 507 1898 ὧς
550 1818 805 1886 εἰποῦσ’
858 1820 987 1886 ὑπὸ
1033 1819 1276 1887 ποσσὶν
1322 1820 1602 1903 ἐδήσατο
1646 1821 1815 1885 καλὰ
1860 1819 2123 1904 πέδιλα,

333 1926 690 2014 [ἀμβρόσια
733 1927 1039 2012 χρύσεια,
1085 1926 1166 1993 τά
1211 1950 1327 2011 μιν
1373 1923 1583 2013 φέρον
1629 1923 1795 2011 ἠμὲν
1840 1925 1947 2012 ἐφ’
1999 1927 2214 2015 ὑγρὴν

330 2031 436 2116 ἠδ’
489 2031 588 2099 ἐπ’
642 2034 960 2120 ἀπείρονα
1002 2045 1202 2116 γαῖαν
1246 2034 1381 2118 ἅμα
1423 2042 1659 2119 πνοιῇς
1704 2033 2002 2118 ἀνέμοιο·

331 2140 539 2205 εἵλετο
587 2137 648 2204 δ’
701 2141 979 2226 ἄλκιμον
1023 2143 1242 2225 ἔγχος,
1290 2138 1660 2224 ἀκαχμένον
1706 2138 1839 2219 ὀξέι
1883 2147 2133 2229 χαλκῷ,

330 2249 538 2331 βριθὺ
582 2245 749 2331 μέγα
794 2249 1140 2331 στιβαρόν,
1187 2253 1277 2335 τῷ
1327 2247 1615 2330 δάμνησι
1660 2249 1886 2330 στίχας
1932 2246 2197 2333 ἀνδρῶν
2247 2264 2347 2314 100

330 2351 599 2437 ἡρώων,
643 2356 861 2419 τοῖσίν
904 2375 973 2418 τε
1019 2351 1396 2418 κοτέσσεται
1442 2351 1940 2437 ὀβριμοπάτρη.]

332 2461 416 2542 βῆ
464 2454 537 2523 δὲ
580 2457 722 2525 κατ’
779 2458 1165 2541 Οὐλύμποιο
1210 2459 1521 2541 καρήνων
1566 2454 1833 2539 ἀίξασα,

334 2574 453 2648 στῆ
502 2563 563 2629 δ’
610 2562 874 2649 Ἰθάκης
920 2562 1020 2630 ἐνὶ
1067 2565 1251 2649 δήμῳ
1299 2560 1407 2627 ἐπὶ
1448 2563 1824 2648 ’προθύροις
1864 2560 2181 2647 Ὀδυσῆος

333 2671 543 2736 οὐδοῦ
588 2668 688 2736 ἐπ’
742 2670 1045 2751 αὐλείου,
1091 2668 1358 2752 παλάμῃ
1406 2665 1467 2732 δ’
1520 2670 1624 2751 ἔχε
1669 2669 1950 2752 χάλκεον
1996 2672 2216 2753 ἔγχος,

333 2774 640 2861 εἰδομένη
687 2774 909 2864 ξείνῳ,
963 2776 1236 2858 Ταφίων
1280 2772 1558 2859 ἡγήτορι
1601 2770 1855 2858 Μέντῃ.
2248 2790 2348 2841 1οὸ

333 2877 488 2968 εὗρε
534 2880 596 2947 δ’
648 2883 777 2966 ἄρα
821 2889 1197 2965 μνηστῆρας
1243 2878 1604 2965 ἀγήνορας·
1650 2880 1721 2944 οἰ
1759 2875 1883 2963 μὲν
1927 2881 2148 2946 ἔπειτα

333 2999 637 3054 πεσσοῖσι
679 2986 1093 3073 προπάροιθε
1137 2986 1420 3071 θυράων
1463 2985 1688 3068 θυμὸν
1733 2987 2009 3069 ἔτερπον

334 3096 567 3179 ἥμενοι
610 3091 683 3159 ἐν
729 3092 976 3179 ῥινοῖσι
1019 3093 1229 3175 βοῶν,
1276 3090 1396 3167 οὓς
1440 3092 1718 3155 ἔκτανον
1762 3089 1983 3154 αὐτοί·

334 3204 614 3286 κήρυκες
658 3196 719 3265 δ’
770 3197 1032 3264 αὐτοῖσι
1075 3195 1186 3263 καὶ
1231 3194 1504 3282 ὀτρηροὶ
1547 3196 1956 3282 θεράποντες

334 3309 407 3374 οἱ
446 3304 568 3392 μὲν
613 3302 802 3372 οἶνον
847 3308 1121 3390 ἔμισγον
1167 3301 1266 3369 ἐνὶ
1310 3312 1634 3389 κρητῆρσι
1676 3302 1789 3370 καὶ
1832 3303 2049 3388 ὕδωρ,
2253 3317 2351 3367 110

335 3416 407 3481 οἱ
448 3411 509 3480 δ’
563 3407 719 3480 αὖτε
766 3415 1115 3496 σπόγγοισι
1159 3412 1632 3495 πολυτρήτοισι
1676 3409 1992 3494 τραπέζας

335 3524 519 3601 νίζον
562 3518 674 3586 καὶ
718 3521 1068 3604 πρότιθεν,
1113 3516 1218 3583 τοὶ
1265 3514 1340 3583 δὲ
1386 3515 1546 3602 κρέα
1590 3517 1802 3582 πολλὰ
1849 3517 2185 3580 δατεῦντο.
