2646 3932
1017 170 1433 223 ΟΔΤΣΣΕΙΑΣ
1470 174 1563 224 VI.
2212 172 2298 235 95

279 311 369 393 μή
416 310 488 375 οἰ
525 320 738 393 γοῦνα
782 315 1055 396 λαβόντι
1096 314 1462 398 χολώσαιτο
1509 312 1723 399 φρένα
1767 317 1993 401 κούρη.

283 415 518 481 αὐτίκα
562 419 885 501 μειλίχιον
928 416 1040 483 καὶ
1084 417 1445 504 κερδαλέον
1488 419 1661 503 φάτο
1707 425 1949 504 μῦθον.

281 526 704 607 ,,γουνοῦμαί
741 540 846 607 σε,
894 525 1177 589 ἄνασσα·
1238 527 1400 601 θεός
1444 527 1531 589 νύ
1575 548 1704 608 τις,
1751 520 1792 609 ἦ
1839 528 2077 611 βροτός
2123 526 2293 604 ἐσσι;

280 628 343 690 εἰ
383 624 505 710 μέν
550 650 649 704 τις
692 631 853 704 θεός
898 628 1070 713 ἐσσι,
1115 629 1220 695 τοὶ
1267 630 1559 715 οὐρανὸν
1604 631 1810 717 εὐρὺν
1845 634 2142 716 ἔχουσιν,
2195 650 2296 699 150

276 725 609 817 Ἀρτέμιδί
648 749 721 798 σε
767 733 894 816 ἐγώ
940 756 1045 817 γε,
1089 737 1259 812 Διὸς
1302 736 1513 821 κούρῃ
1560 737 1903 820 μεγάλοιο,

279 831 457 914 εἶδός
499 860 568 903 τε
614 837 897 923 μέγεθός
940 863 1009 904 τε
1056 842 1239 924 φυήν
1282 835 1342 905 τ’
1395 842 1670 925 ἄγχιστα
1715 841 1937 919 ἐίσκω·

278 945 341 1006 εἰ
383 941 463 1007 δέ
501 946 600 1021 τίς
646 943 789 1009 ἐσσι
832 948 1124 1031 βροτῶν,
1172 949 1244 1011 οἳ
1284 944 1390 1012 ἐπὶ
1434 944 1635 1031 χθονὶ
1680 949 2133 1032 ναιετάουσιν,

276 1044 418 1131 τρὶς
460 1047 747 1133 μάκαρες
790 1044 914 1132 μὲν
959 1052 1074 1114 σοί
1111 1072 1187 1133 γε
1231 1051 1444 1135 πατὴρ
1490 1048 1602 1115 καὶ
1645 1053 1881 1117 πότνια
1925 1057 2169 1140 μήτηρ,

275 1149 417 1236 τρὶς
452 1153 738 1238 μάκαρες
775 1150 848 1219 δὲ
883 1157 1295 1240 κασίγνητοι·
1341 1158 1515 1240 μάλα
1550 1158 1683 1222 πού
1717 1173 1909 1242 σφισι
1934 1163 2153 1246 θυμὸς
2193 1178 2292 1227 155

276 1254 420 1323 αἰὲν
466 1257 963 1344 ἐυφροσύνῃσιν
1009 1261 1287 1325 ἰαίνεται
1333 1261 1551 1325 εἵνεκα
1597 1271 1768 1345 σεῖο,

275 1367 695 1430 λευσσόντων
738 1366 999 1430 τοιόνδε
1044 1366 1257 1443 θάλος
1299 1367 1506 1451 χορὸν
1550 1368 2024 1450 εἰσοιχνεῦσαν.

274 1480 492 1547 κεῖνος
538 1466 599 1536 δ’
651 1465 737 1536 αὖ
781 1469 932 1556 περὶ
976 1479 1130 1557 κῆρι
1175 1474 1587 1558 μακάρτατος
1632 1471 1862 1558 ἔξοχον
1908 1476 2158 1558 ἄλλων,

275 1575 348 1652 ὅς
391 1574 469 1640 κέ
508 1570 571 1640 σ’
623 1575 909 1642 ἐέδνοισι
952 1580 1187 1662 βρίσας
1232 1571 1484 1642 οἰκόνδ’
1537 1576 1873 1661 ἀγάγηται.

274 1681 357 1745 οὐ
401 1682 526 1767 γάρ
572 1703 674 1747 πω
720 1685 982 1748 τοιόνδε
1029 1685 1179 1748 ἴδον
1222 1684 1468 1768 βροτὸν
1513 1683 1997 1768 ὀφθαλμοῖσιν,
2191 1704 2290 1754 160

274 1782 414 1852 οὔτ’
467 1783 657 1873 ἄνδρ’
710 1789 863 1853 οὔτε
906 1798 1219 1871 γυναῖκα·
1266 1786 1465 1871 σέβας
1508 1782 1576 1873 μ’
1628 1791 1761 1872 ἔχει
1807 1793 2225 1876 εἰσορόωντα.

273 1895 474 1982 Δήλῳ
524 1895 608 1977 δή
653 1914 811 1960 ποτε
855 1905 1043 1959 τοῖον
1081 1888 1493 1973 ’Λπόλλωνος
1535 1897 1714 1981 παρὰ
1757 1899 1956 1986 βωμῷ

273 2002 578 2084 φοίνικος
621 2000 778 2067 νέον
823 2003 1015 2088 ἔρνος
1060 2000 1506 2086 ἀνερχόμενον
1551 2001 1821 2085 ἐνόησα·

274 2100 490 2188 ἦλθον
535 2108 663 2192 γὰρ
706 2105 818 2172 καὶ
860 2118 1067 2190 κεῖσε,
1113 2109 1323 2184 πολὺς
1369 2105 1449 2172 δέ
1488 2130 1602 2192 μοι
1647 2107 1876 2174 ἕσπετο
1924 2112 2109 2192 λαός,

273 2212 395 2296 τὴν
439 2211 632 2295 ὁδόν,
676 2204 719 2298 ᾖ
766 2213 848 2296 δὴ
896 2211 1131 2297 μέλλεν
1178 2211 1325 2298 ἐμοὶ
1367 2215 1535 2279 κακὰ
1579 2209 1759 2297 κήδε’
1811 2217 2100 2280 ἔσεσθαι.
2189 2233 2287 2283 165

273 2312 362 2394 ὧς
409 2312 471 2382 δ’
523 2319 737 2395 αὔτως
780 2317 891 2383 καὶ
935 2329 1117 2384 κεῖνο
1164 2318 1332 2384 ἰδὼν
1377 2318 1701 2402 ἐτεθήπεα
1742 2326 1942 2408 θυμῷ

273 2425 429 2507 δήν,
478 2420 617 2488 ἐπεὶ
663 2424 744 2489 οὔ
788 2444 890 2489 πω
935 2434 1122 2489 τοῖον
1167 2424 1511 2509 ἀνήλυθεν
1556 2424 1629 2491 ἐκ
1674 2426 1842 2511 δόρυ
1887 2429 2107 2510 γαίης,

271 2530 362 2608 ὡς
406 2528 511 2612 σέ,
555 2531 785 2612 γύναι,
832 2530 1085 2615 ἄγαμαί
1120 2553 1190 2597 τε
1234 2528 1495 2615 τέθηπά
1537 2555 1637 2614 τε,
1685 2533 1899 2596 δείδια
1946 2526 2008 2596 δ’
2060 2535 2263 2611 αἰνῶς

271 2636 537 2718 γούνων
580 2635 909 2712 ἅψασθαι·
953 2637 1239 2719 χαλεπὸν
1285 2634 1365 2703 δέ
1404 2659 1483 2721 με
1530 2635 1780 2713 πένθος
1827 2637 2053 2703 ἱκάνει.
2113 2720 2119 2725 ⁴

269 2743 495 2827 χθιζὸς
539 2740 844 2829 ἐεικοστῷ
890 2740 1113 2825 φύγον
1157 2742 1356 2826 ἤματι
1402 2749 1640 2807 οἴνοπα
1683 2745 1958 2808 πόντον·
2185 2762 2286 2811 170

270 2851 484 2932 τόφρα
532 2846 612 2912 δέ
650 2840 718 2931 μ’
769 2844 900 2912 αἰεὶ
944 2854 1118 2930 κῦμα
1165 2848 1361 2931 φόρει
1405 2850 1726 2932 κραιπναί
1763 2870 1834 2912 τε
1878 2848 2162 2916 θύελλαι

269 2956 479 3037 νήσου
525 2946 637 3018 ἀπ’
683 2947 1005 3036 Ὠγυγίης.
1078 2960 1208 3016 νῦν
1254 2947 1315 3016 δ’
1368 2951 1611 3018 ἐνθάδε
1658 2953 1950 3037 κάμβαλε
1998 2955 2284 3041 δαίμων,

270 3053 423 3144 ὄφρ’
475 3060 570 3122 ἔτι
613 3078 746 3123 που
790 3055 902 3123 καὶ
945 3058 1103 3142 τῇδε
1147 3056 1346 3121 πάθω
1392 3060 1624 3122 κακόν·
1689 3057 1771 3123 οὐ
1815 3059 1942 3145 γὰρ
1989 3060 2106 3125 ὀίω

268 3158 621 3247 παύσεσθ’,
667 3158 813 3230 ἀλλ’
864 3165 961 3229 ἔτι
1004 3164 1218 3228 πολλὰ
1261 3160 1415 3227 θεοὶ
1459 3162 1758 3229 τελέουσι
1803 3165 2150 3250 πάροιθεν.

270 3268 465 3351 ἀλλά,
503 3266 764 3353 ἄνασσ’,
803 3268 1080 3353 ἐλέαιρε·
1126 3264 1201 3334 σὲ
1236 3270 1364 3353 γὰρ
1400 3270 1568 3334 κακὰ
1602 3271 1815 3335 πολλὰ
1850 3273 2143 3354 μογήσας
2184 3289 2282 3338 175

268 3374 334 3452 ἐς
377 3375 646 3460 πρωτην
692 3375 959 3459 ἱκόμην,
1006 3385 1141 3439 τῶν
1187 3368 1250 3439 δ’
1302 3375 1523 3439 ἄλλων
1570 3375 1653 3440 οὔ
1696 3399 1846 3440 τινα
1891 3371 2044 3442 οἶδα

268 3481 675 3566 ἀνθρώπων,
724 3483 795 3546 οἳ
831 3481 1029 3564 τήνδε
1074 3482 1270 3545 πόλιν
1313 3477 1426 3544 καὶ
1470 3490 1668 3562 γαῖαν
1713 3482 1996 3564 ἔχουσιν.
