2646 3932
1017 168 1432 219 οΔΤΣΣΕῙΑΣ
1467 169 1563 219 xl.
2172 167 2203 228 1
2216 166 2302 230 85

281 303 425 374 ἀλλ’
476 310 593 391 ἄγε
639 333 753 394 μοι
796 318 919 375 τοῦ
963 311 1199 387 παιδὸς
1244 308 1503 392 ἀγαυοῦ
1548 315 1774 394 μῦθον
1818 309 2107 393 ἐνίσπες,

278 413 319 497 ἣ
365 412 538 479 ἕπετ’
591 413 658 492 ἐς
704 418 997 500 πόλεμον
1041 417 1295 501 πρόμος
1341 418 1644 500 ἔμμεναι,
1689 410 1765 498 ἦε
1808 414 1920 480 καὶ
1965 415 2131 481 οὐκί.

279 515 418 584 εἰπὲ
466 518 546 585 δέ
584 544 698 605 μοι
745 524 1015 606 Πηλῆος
1062 521 1433 606 ἀμύμονος,
1480 527 1549 587 εἴ
1583 544 1648 586 τι
1692 518 2053 604 πέπυσσαι,

277 624 318 709 ἦ
366 624 457 691 ἔτ’
511 630 642 712 ἔχει
685 629 884 713 τιμὴν
928 627 1203 695 πολέσιν
1247 629 1410 712 μετὰ
1454 629 2041 712 Μυρμιδόνεσσιν,
2197 642 2302 692 495

278 726 319 814 ἦ
366 756 482 815 μιν
529 732 957 817 ἀτιμάζουσιν
1003 731 1107 799 ἀν’
1152 731 1438 799 Ἑλλάδα
1481 755 1552 797 τε
1603 735 1831 817 Φθίην
1872 755 1974 815 τε,

281 836 523 903 οὕνεκά
567 863 683 922 μιν
726 840 892 905 κατὰ
936 847 1143 923 γῆρας
1188 841 1320 923 ἔχει
1365 839 1588 924 χεῖράς
1630 861 1701 903 τε
1746 839 1957 915 πόδας
1999 861 2088 902 τε.

276 944 341 1007 εί
378 944 508 1029 γάρ
555 943 726 1028 ἐγὼν
771 944 1108 1031 ἐπαρωγὸς
1151 942 1264 1010 ὑπ’
1318 944 1528 1028 αὐγὰς
1570 944 1851 1028 ἠελίοιο,

275 1060 455 1127 τοῖος
501 1049 660 1134 ἐών,
708 1043 849 1129 οἷός
892 1048 1037 1117 ποτ’
1090 1048 1191 1117 ἐνὶ
1245 1053 1450 1136 Τροίῃ
1497 1050 1718 1136 εὐρείῃ

276 1154 536 1240 πέφνον
582 1158 746 1223 λαὸν
790 1159 1065 1243 ἄριστον
1109 1155 1384 1241 ἀμύνων
1423 1153 1846 1242 Ἀργείοισιν·
2195 1172 2300 1219 500

278 1264 342 1326 εί
382 1257 635 1329 τοιόσδ’
686 1267 950 1349 ἔλθοιμι
995 1263 1294 1348 μίνυνθά
1339 1284 1462 1348 περ
1509 1261 1576 1339 ἐς
1620 1260 1902 1349 πατέρος
1947 1263 2069 1327 δῶ·

275 1375 366 1455 τῷ
412 1366 491 1433 κέ
527 1392 653 1458 τεῳ
699 1368 1003 1453 στύξαιμι
1048 1364 1246 1451 μένος
1288 1365 1402 1432 καὶ
1446 1378 1669 1452 χεῖρας
1713 1366 2034 1449 ἀάπτους,

279 1475 353 1538 οἳ
390 1483 616 1539 κεῖνον
660 1476 977 1557 βιόωνται
1023 1471 1370 1559 ἐέργουσίν
1412 1467 1471 1537 τ’
1523 1472 1652 1538 ἀπὸ
1697 1473 1928 1556 τιμῆςέ

365 1573 454 1655 ὧς
500 1574 714 1664 ἔφατ’,
760 1579 970 1664 αὐτὰρ
1017 1577 1145 1661 ἐγώ
1191 1601 1308 1662 μιν
1355 1577 1787 1663 ἀμειβόμενος
1831 1575 2255 1664 προσέειπον·

278 1679 341 1767 ,ἦ
376 1707 482 1749 τοι
526 1680 648 1768 μὲν
695 1689 968 1769 Πηλῆος
1012 1684 1352 1768 ἀμύμονος
1396 1684 1481 1748 οὔ
1523 1706 1588 1748 τι
1632 1682 1995 1767 πέπυσμαι,
2196 1701 2300 1749 505

275 1789 483 1876 αὐτάρ
527 1814 633 1857 τοι
676 1792 913 1867 παιδός
956 1812 1030 1872 γε
1077 1786 1574 1872 Νεοπτολέμοιο
1622 1790 1848 1872 φίλοιο

274 1905 492 1961 πᾶσαν
539 1895 864 1981 ἀληθείην
907 1897 1329 1981 μυθήσομαι,
1376 1894 1466 1973 ὥς
1509 1917 1589 1979 με
1633 1895 1935 1974 κελεύεις.

276 2002 473 2080 αὐτὸς
516 2004 643 2088 γάρ
689 2025 806 2087 μιν
851 2001 978 2084 ἐγὼ
1023 2004 1251 2087 κοίλης
1296 1999 1404 2066 ἐπὶ
1447 2002 1608 2084 νηὸς
1654 1999 1833 2085 ἐίσης

273 2108 527 2191 ἤγαγον
573 2106 647 2173 ἐκ
688 2109 964 2193 Σκύρου
1009 2102 1147 2192 μετ’
1200 2106 1599 2190 ἐυκνήμιδας
1636 2100 1952 2190 Ἀχαιούς.

274 2209 316 2296 ἦ
361 2236 466 2279 τοι
512 2207 608 2278 ὅτ’
659 2210 829 2298 ἀμφὶ
874 2214 1071 2277 πόλιν
1125 2214 1374 2297 Τροίην
1418 2214 1833 2297 φραζοίμεθα
1868 2212 2146 2294 βουλάς,
2195 2228 2298 2276 510

275 2316 405 2384 αἰεὶ
450 2329 708 2403 πρῶτος
753 2320 935 2401 ἔβαζε
981 2315 1093 2383 καὶ
1138 2317 1260 2402 οὐχ
1305 2317 1640 2402 ἡμάρτανε
1685 2317 1954 2401 μύθων·

274 2422 552 2510 Νέστωρ
603 2424 912 2501 ἀντίθεος
955 2422 1066 2488 καὶ
1113 2422 1241 2505 ἐγὼ
1287 2423 1687 2506 νικάσκομεν
1732 2428 1871 2488 οἴω.

275 2530 484 2616 αὐτὰρ
531 2524 627 2596 ὅτ’
679 2529 753 2596 ἐν
796 2531 1000 2617 πεδίῳ
1056 2528 1302 2614 Τρώων
1349 2531 1770 2615 μαρναίμεθα
1815 2532 2065 2617 χαλκῷ,

279 2637 364 2701 οὔ
407 2630 555 2702 ποτ’
607 2632 708 2701 ἐνὶ
751 2639 1013 2718 πληθυῖ
1051 2633 1250 2719 μένεν
1294 2633 1563 2718 ἀνδρῶν
1610 2626 1758 2699 οὐδ’
1808 2631 1882 2698 ἐν
1927 2632 2165 2722 ὁμίλῳ,

275 2742 442 2808 ἀλλά
487 2742 661 2806 πολὺ
705 2737 1113 2825 προθέεσκεν
1157 2737 1270 2805 ἑὸν
1315 2738 1515 2824 μένος
1560 2735 1789 2804 οὐδενὶ
1834 2743 2062 2821 εἴκων,
2192 2754 2296 2803 515

271 2849 560 2924 πολλοὺς
605 2840 668 2912 δ’
719 2846 969 2932 ἄνδρας
1014 2847 1297 2929 ἔπεφνεν
1344 2844 1418 2911 ἐν
1463 2847 1617 2930 αἰνῇ
1664 2845 1978 2928 δηιοτῆτι.

271 2953 521 3029 πάντας
567 2945 630 3017 δ’
682 2951 807 3017 οὐκ
853 2949 938 3015 ἂν
984 2949 1110 3033 ἐγὼ
1156 2952 1543 3034 μυθήσομαι
1589 2944 1737 3015 οὐδ’
1789 2949 2127 3034 ὀνομήνω,

273 3057 478 3124 ὅσσον
523 3058 687 3123 λαὸν
732 3058 1019 3140 ἔπεφνεν
1064 3054 1339 3138 ἀμύνων
1376 3049 1800 3140 Ἀργείοισιν,

273 3158 416 3229 ἀλλ’
469 3155 616 3230 οἷον
659 3162 780 3227 τὸν
833 3162 1215 3246 Τηλεφίδην
1257 3163 1661 3245 κατενήρατο
1707 3163 1958 3246 χαλκῷ,

271 3264 435 3356 ἥρω’
486 3268 925 3355 Εὐρύπυλον,
970 3263 1207 3332 πολλοὶ
1254 3260 1315 3331 δ’
1368 3260 1532 3350 ἀμφ’
1585 3264 1790 3331 αὐτὸν
1835 3261 2083 3350 ἑταῖροι
2192 3282 2296 3331 520

273 3378 546 3460 Κήτειοι
589 3375 928 3439 κτείνοντο
974 3374 1271 3455 γυναίων
1316 3372 1536 3437 εἵνεκα
1582 3369 1835 3455 δώρων.

271 3491 499 3548 κεῖνον
546 3482 629 3565 δὴ
674 3480 1027 3546 κάλλιστον
1073 3479 1225 3544 ἴδον
1269 3478 1431 3561 μετὰ
1473 3473 1799 3560 Μέμνονα
1846 3477 2012 3542 δῖον.
