2646 3932
1096 184 1511 236 ΟΔΤΣΣΕΙΑΣ
1549 187 1617 237 11.
2216 187 2301 251 23

277 326 342 389 εἰ
383 323 463 390 δέ
499 349 573 390 κε
617 331 994 409 τεθνηῶτος
1038 326 1301 392 ἀκούσω
1349 325 1507 411 μηδ’
1561 324 1651 393 ἔτ’
1704 327 1961 412 ἐόντος,
2197 346 2300 395 220

276 433 603 514 νοστήσας
648 432 730 513 δὴ
779 435 999 498 ἔπειτα
1045 435 1251 516 φίλην
1297 431 1364 509 ἐς
1407 435 1693 517 πατρίδα
1738 446 1938 516 γαῖαν

278 539 454 621 σῆμά
496 536 573 602 τέ
613 538 685 602 οἱ
723 538 893 621 χεύω
940 535 1050 602 καὶ
1095 536 1202 602 ἐπὶ
1247 537 1478 622 κτέρεα
1522 539 1826 624 κτερεΐξω

277 645 490 709 πολλὰ
533 641 713 728 μάλ’,
761 642 927 709 ὄσσα
974 645 1175 725 ἔοικε,
1221 642 1333 708 καὶ
1378 642 1567 729 ἀνέρι
1612 644 1857 728 μητέρα
1906 645 2166 709 δώσω.“

363 744 407 833 ἦ
452 772 555 814 τοι
601 749 638 814 ὅ
673 746 737 831 γ’
783 744 871 825 ὧς
906 749 1112 814 εἰπὼν
1147 747 1288 814 κατ’
1343 747 1451 834 ἄρ’
1505 749 1701 832 ἕζετο,
1738 760 1912 814 τοῖσι
1951 747 2013 815 δ’
2059 748 2299 833 ἀνέστη

277 854 595 940 Μέντωρ,
641 854 715 932 ὅς
759 853 820 941 ῥ’
868 853 1185 939 Ὀδυσῆος
1230 855 1570 939 ἀμύμονος
1614 852 1733 939 ἦεν
1778 855 2065 941 ἑταῖρος,
2196 873 2300 921 225

276 965 393 1026 καί
431 962 503 1026 οἱ
543 962 665 1025 ἰὼν
709 960 784 1026 ἐν
827 957 1071 1044 νηυσὶν
1117 959 1469 1045 ἐπέτρεπεν
1514 957 1699 1027 οἷκον
1746 962 2032 1045 ἅπαντα,

276 1070 641 1132 πείθεσθαί
678 1090 748 1132 τε
793 1065 1057 1151 γέροντι
1103 1063 1212 1131 καὶ
1258 1068 1507 1150 ἔμπεδα
1551 1068 1766 1133 πάντα
1813 1069 2209 1152 φυλάσσειν·

277 1174 314 1238 ὅ
360 1191 524 1257 σφιν
570 1172 645 1238 ἐὺ
691 1171 998 1257 φρονέων
1044 1171 1417 1256 ἀγορήσατο
1463 1170 1575 1237 καὶ
1620 1171 1982 1256 μετέειπεν·

278 1279 588 1363 ,,κέκλυτε
636 1280 717 1361 δὴ
764 1287 893 1343 νῦν
937 1301 1092 1362 μευ,
1133 1275 1528 1361 Ἰθακήσιοι,
1575 1278 1714 1342 ὄττι
1757 1302 1874 1344 κεν
1920 1284 2111 1344 εἴπω·

275 1388 366 1471 μή
411 1409 510 1462 τις
554 1387 650 1449 ἔτι
695 1386 1018 1468 πρόφρων
1064 1381 1309 1464 ἀγανὸς
1353 1381 1463 1448 καὶ
1507 1383 1701 1465 ἤπιος
1748 1386 1912 1448 ἔστω
2193 1401 2298 1449 230

277 1500 685 1576 σκηπτοῦχος
730 1488 1038 1572 βασιλεὺς
1094 1484 1260 1572 μηδὲ
1306 1488 1550 1573 φρεσὶν
1594 1496 1824 1574 αἴσιμα
1871 1490 2094 1574 εἰδώς,

279 1596 420 1662 ἀλλ’
473 1595 603 1662 αιέὶ
646 1598 928 1680 χαλεπός
970 1591 1029 1659 τ’
1084 1599 1186 1677 εἴη
1231 1591 1343 1659 καὶ
1390 1601 1632 1660 αἴσυλα
1678 1593 1878 1680 ῥέζοι·

277 1704 367 1780 ὡς
412 1703 495 1768 οὔ
537 1726 637 1778 τις
681 1700 1000 1785 μέμνηται
1040 1698 1400 1784 Ὀδυσσῆος
1444 1704 1663 1767 θείοιο

278 1815 487 1891 λαῶν,
536 1801 713 1873 οἶσιν
758 1809 1035 1889 ἄνασσε,
1081 1807 1297 1891 πατὴρ
1344 1804 1405 1870 δ’
1459 1806 1550 1883 ὣς
1593 1808 1787 1888 ῆπιος
1830 1799 1968 1887 ἦεν.

278 1913 420 1981 ἀλλ’
471 1910 513 1997 ἦ
559 1938 664 1980 τοι
707 1920 1085 1998 μνηστῆρας
1129 1910 1462 1997 ἀγήνορας
1509 1913 1591 1977 οὔ
1636 1934 1699 1976 τι
1745 1913 2033 1997 μεγαίρω
2194 1927 2298 1977 236

277 2024 498 2107 ἔρδειν
543 2025 703 2105 ἔργα
747 2024 930 2103 βίαια
976 2022 1464 2104 κακορραφίῃσι
1508 2020 1725 2083 νόοιο·

278 2130 452 2213 σφὰς
495 2129 623 2213 γὰρ
668 2125 1078 2212 παρθέμενοι
1121 2125 1412 2208 κεφαλὰς
1456 2122 1807 2189 κατέδουσι
1851 2124 2084 2206 βιαίως

278 2232 467 2301 οἶκον
505 2232 892 2316 Ὀδυσσῆος,
937 2233 1057 2297 τὸν
1103 2229 1164 2296 δ’
1217 2229 1438 2296 οὐκέτι
1485 2228 1651 2313 φασὶ
1695 2227 1986 2295 νέεσθαι.

277 2351 406 2407 νῦν
452 2338 513 2406 δ’
566 2341 742 2427 ἄλλω
790 2340 974 2426 δήμῳ
1020 2339 1466 2421 νεμεσίζομαι,
1514 2327 1662 2400 οἷον
1707 2336 1988 2412 ἅπαντες

276 2443 435 2530 ἦσθ’
489 2446 691 2534 ἄνεω,
738 2443 901 2528 ἀτὰρ
948 2443 1031 2508 οὔ
1074 2465 1140 2507 τι
1182 2443 1677 2525 καθαπτόμενοι
1720 2438 1979 2506 ἐπέεσσι
2193 2454 2298 2502 240

277 2553 575 2635 παύρους
620 2557 996 2634 μνηστῆρας
1039 2549 1440 2613 καταπαύετε
1484 2544 1720 2611 πολλοὶ
1766 2545 2046 2623 ἐόντες.“

364 2661 483 2723 τὸν
529 2654 592 2722 δ’
637 2654 1067 2740 Ἐυηνορίδης
1110 2654 1511 2737 Λειώκριτος
1556 2651 1785 2716 ἀντίον
1828 2651 2031 2734 ηὔδα·

278 2764 593 2850 ,,Μέντορ
648 2759 999 2846 ἀταρτηρέ,
1046 2758 1293 2844 φρένας
1339 2755 1518 2841 ἠλεέ,
1563 2767 1762 2822 ποῖον
1805 2758 2014 2833 ἔειπες

276 2871 479 2957 ἡμέας
522 2870 825 2955 ὀτρύνων
869 2866 1357 2950 καταπαυέμεν·
1421 2861 1750 2947 ἀργαλέον
1797 2859 1870 2927 δὲ

279 2977 564 3062 ἀνδράσι
605 2973 717 3041 καὶ
761 2976 1110 3039 πλεόνεσσι
1156 2974 1584 3055 μαχήσασθαι
1629 2965 1780 3052 περὶ
1827 2968 2017 3032 δαιτί.
2191 2983 2294 3033 246

277 3090 345 3150 εἴ
380 3105 502 3167 περ
549 3081 676 3166 γάρ
721 3077 782 3145 κ’
829 3076 1139 3153 Ὀδυσεὺς
1178 3073 1550 3159 Ἰθακήσιος
1595 3074 1794 3149 αὐτὸς
1839 3071 2143 3137 ἐπελθὼν

278 3187 718 3272 δαινυμένους
760 3185 923 3250 κατὰ
971 3185 1157 3267 δῶμα
1202 3181 1315 3247 ἑὸν
1360 3188 1736 3265 μνηστῆρας
1781 3178 2073 3261 ἀγαυοὺς

277 3294 576 3374 ἐξελάσαι
619 3294 932 3379 μεγάροιο
980 3284 1377 3373 μενοινήσει’
1427 3284 1531 3352 ἐνὶ
1573 3291 1805 3372 θυμῷ,

277 3404 360 3468 οὔ
404 3399 519 3467 κέν
564 3399 636 3465 οἱ
673 3398 1014 3483 κεχάροιτο
1052 3394 1223 3477 γυνὴ
1271 3393 1447 3478 μάλα
1491 3413 1614 3475 περ
1660 3388 1983 3472 χατέουσα

277 3504 569 3588 ἐλθόντ’,
615 3505 780 3570 ἀλλά
825 3527 941 3569 κεν
985 3499 1192 3567 αὐτοῦ
1239 3497 1459 3564 ἀεικέα
1504 3499 1755 3580 πότμον
1802 3494 2093 3575 ἐπίσποι,
2187 3510 2290 3559 250
