2646 3932
326 176 452 241 118
1024 179 1440 231 οΔΥΣΣΕΙΑΣ
1479 178 1545 232 Θ.

321 320 532 397 οὕτως
577 321 660 386 οὐ
703 321 1020 386 πάντεσσι
1063 319 1219 386 θεοὶ
1261 323 1574 406 χαρίεντα
1620 323 1928 388 διδοῦσιν

320 425 670 512 ἀνδράσιν,
717 426 870 492 οὔτε
916 426 1101 510 φυὴν
1146 421 1286 492 οὔτ’
1340 424 1424 511 ἂρ
1470 425 1722 511 φρένας
1767 424 1909 493 οὔτ’
1960 426 2310 513 ἀγορητύν.

322 532 520 608 ἄλλος
564 528 685 616 μὲν
729 532 857 617 γάρ
901 525 960 596 τ’
1011 527 1190 608 εἶδος
1236 530 1659 617 ἀκιδνότερος
1703 530 1884 597 πέλει
1930 531 2130 619 ἀνήρ,

320 637 488 703 ἀλλὰ
531 638 692 715 θεὸς
736 638 1005 722 μορφὴν
1045 625 1229 703 ἔπεσι
1265 635 1524 722 στέφει,
1570 639 1638 703 οἱ
1672 637 1753 704 δέ
1783 636 1841 703 τ’
1885 637 1952 715 ές
1989 638 2194 705 αὐτὸν
2244 656 2344 705 170

320 746 711 828 τερπόμενοι
755 744 1182 809 λεύσσουσιν·
1229 743 1264 809 ὁ
1313 738 1376 808 δ’
1428 742 1777 828 ἀσφαλέως
1819 743 2126 830 ἀγορεύει

320 851 508 916 αἰδοῖ
546 852 859 935 μειλιχίῃ,
906 850 1068 934 μετὰ
1113 845 1188 915 δὲ
1233 848 1466 935 πρέπει
1513 848 2012 935 ἀγρομένοισιν,

322 956 684 1042 ἐρχόμενον
730 950 792 1020 δ’
844 954 970 1020 ἀνὰ
1016 956 1183 1020 ἄστυ
1226 956 1396 1021 θεὸν
1442 955 1531 1033 ὣς
1576 958 1985 1041 εἰσορόωσιν.

320 1064 521 1140 ἄλλος
567 1057 630 1128 δ’
682 1056 767 1127 αὖ
815 1057 992 1139 εἶδος
1036 1058 1159 1146 μὲν
1205 1061 1500 1145 ἀλίγκιος
1546 1061 2016 1146 ἀθανάτοισιν,

321 1163 465 1234 ἀλλ’
517 1168 600 1234 οὔ
646 1168 716 1233 οί
754 1168 942 1253 χάρις
987 1166 1158 1252 ἀμφὶ
1201 1166 1661 1253 περιστέφεται
1707 1166 2037 1251 ἐπέεσσιν,
2244 1186 2343 1234 175

320 1276 412 1353 ὡς
456 1272 566 1340 καὶ
610 1271 720 1339 σοὶ
764 1270 942 1350 εἶδος
987 1269 1108 1358 μὲν
1153 1273 1534 1359 ἀριπρεπές,
1580 1271 1746 1339 οὐδέ
1784 1297 1901 1340 κεν
1945 1275 2159 1351 ἄλλως

320 1376 482 1447 οὐδὲ
525 1381 686 1457 θεὸς
729 1379 1006 1462 τεύξειε,
1052 1382 1217 1445 νόον
1262 1374 1325 1445 δ’
1378 1380 1760 1462 ἀποφώλιός
1806 1378 1967 1445 έσσι.

320 1487 566 1572 ὤρινάς
609 1509 722 1570 μοι
766 1486 992 1569 θυμὸν
1037 1482 1138 1550 ἐνὶ
1182 1488 1502 1570 στήθεσσι
1548 1488 1848 1570 φίλοισιν

320 1594 527 1659 εἰπὼν
573 1592 656 1658 οὐ
699 1593 865 1657 κατὰ
907 1594 1176 1676 κόσμον.
1260 1591 1388 1675 ἐγὼ
1436 1587 1498 1657 δ’
1550 1592 1633 1657 οὐ
1678 1601 1826 1675 νῆις
1871 1591 2165 1677 ἀέθλων,

322 1699 414 1776 ὡς
459 1699 545 1764 σύ
588 1721 665 1781 γε
711 1704 1016 1782 μυθεῖαι,
1064 1692 1207 1763 ἀλλ’
1262 1698 1335 1764 έν
1380 1698 1743 1783 πρώτοισιν
1789 1698 1930 1786 ὀίω,
2244 1717 2344 1766 180

320 1807 627 1890 ἔμμεναι,
674 1799 830 1890 ὄφρ’
880 1804 1011 1889 ἥβῃ
1054 1827 1124 1869 τε
1170 1806 1497 1870 πεποίθεα
1540 1808 1734 1890 χερσί
1769 1799 1828 1870 τ’
1881 1804 2130 1890 ἐμῇσιν.

322 1919 451 1977 νῦν
508 1908 573 1977 δ’
627 1912 855 1996 ἔχομαι
901 1913 1210 1995 κακότητι
1253 1908 1367 1976 καὶ
1413 1912 1667 1994 ἄλγεσι·
1722 1911 1933 1977 πολλὰ
1976 1911 2103 1997 γὰρ
2150 1914 2345 1997 ἔτλην

322 2017 591 2102 ἀνδρῶν
634 2039 705 2082 τε
750 2014 1115 2101 πτολέμους
1161 2016 1466 2100 ἀλεγεινά
1509 2040 1579 2082 τε
1627 2017 1883 2102 κύματα
1927 2021 2191 2104 πείρων.

324 2122 490 2188 ἀλλὰ
532 2120 644 2187 καὶ
689 2115 805 2205 ὧς,
850 2122 1018 2188 κακὰ
1061 2123 1275 2187 πολλὰ
1319 2123 1591 2205 παθών,
1638 2121 1981 2208 πειρήσομ’
2027 2122 2316 2190 ἀέθλων·

321 2229 713 2314 θυμοδακὴς
755 2229 883 2314 γὰρ
929 2234 1177 2312 μῦθος,
1224 2227 1606 2314 ἐπώτρυνας
1651 2226 1731 2294 δέ
1769 2252 1848 2313 με
1894 2230 2164 2294 είπών.“
2244 2247 2343 2296 185

410 2330 452 2419 ἦ
499 2335 584 2421 ῥα
627 2332 737 2400 καὶ
783 2334 960 2423 αὐτῷ
1007 2335 1206 2419 φάρει
1252 2332 1522 2412 ἀναΐξας
1569 2334 1727 2418 λάβε
1774 2335 2009 2400 δίσκον

322 2444 587 2526 μείζονα
631 2438 744 2505 καὶ
788 2439 1101 2524 πάχετον,
1148 2440 1636 2525 στιβαρώτερον
1682 2440 1806 2505 οὐκ
1850 2440 2080 2524 ὀλίγον
2125 2464 2249 2528 περ

324 2547 364 2632 ἢ
412 2548 532 2636 οἴφ
584 2548 868 2629 Φαίηκες
914 2545 1215 2611 ἐδίσκεον
1260 2543 1662 2628 ἀλλήλοισιν.

322 2657 443 2719 τόν
488 2653 572 2739 ῥα
616 2648 1054 2738 περιστρέψας
1097 2645 1214 2734 ἧκε
1261 2654 1575 2736 στιβαρῆς
1621 2650 1748 2718 ἀπὸ
1793 2655 2039 2738 χειρός,

323 2761 662 2843 βόμβησεν
710 2753 782 2823 δὲ
828 2760 1050 2834 λίθος·
1095 2756 1261 2822 κατὰ
1308 2754 1371 2821 δ’
1424 2756 1706 2840 ἔπτηξαν
1750 2756 1902 2823 ποτὶ
1948 2760 2103 2845 γαίῃ
2244 2775 2343 2824 190

331 2867 615 2949 Φαίηκες
661 2865 1150 2948 δολιχήρετμοι,
1195 2865 1625 2929 ναυσίκλυτοι
1671 2864 1937 2950 ἄνδρες,

325 2977 483 3050 λᾶος
526 2970 657 3036 ὑπὸ
705 2970 915 3056 ῥιπῆς.
1009 2969 1045 3035 ὁ
1093 2964 1154 3034 δ’
1205 2968 1578 3055 ὑπέρπτατο
1625 2972 1883 3054 σήματα
1926 2972 2195 3037 πάντων

324 3078 536 3164 ῥίμφα
579 3074 763 3141 θέων
807 3075 934 3141 ἀπὸ
979 3077 1211 3160 χειρός.
1302 3078 1503 3160 ἔθηκε
1549 3072 1623 3142 δὲ
1666 3071 1928 3162 τέρματ’
1972 3072 2219 3161 Ἀθήνη

326 3181 522 3268 ἀνδρὶ
567 3180 768 3265 δέμας
813 3180 1027 3247 ἐικυῖα
1037 3229 1057 3264 ,
1104 3183 1259 3258 ἔπος
1302 3176 1361 3246 τ’
1413 3179 1599 3266 ἔφατ’
1652 3184 1725 3248 ἔκ
1767 3181 1824 3248 τ’
1877 3183 2220 3268 ὀνόμαζεν·

325 3291 487 3372 ,,καί
524 3286 585 3354 κ’
639 3287 839 3365 ἀλαός
884 3310 1019 3371 τοι,
1065 3287 1234 3368 ξεῖνε
1245 3336 1265 3371 ,
1313 3288 1670 3373 διακρίνειε
1713 3290 1789 3354 τὸ
1835 3297 2011 3374 σῆμα
2244 3306 2343 3355 195

327 3394 734 3479 ἀμφαφόων,
782 3392 921 3459 έπεὶ
969 3394 1051 3459 οὔ
1095 3417 1160 3458 τι
1206 3392 1607 3479 μεμιγμένον
1653 3392 1833 3461 ἐστὶν
1878 3395 2116 3484 ὁμίλῳ,

326 3501 492 3566 ἀλλὰ
536 3504 710 3566 πολὺ
754 3512 1037 3587 πρῶτον.
1133 3502 1218 3565 σὺ
1265 3498 1338 3566 δὲ
1381 3501 1623 3586 θάρσει
1667 3502 1862 3567 τόνδε
1906 3495 1968 3584 γ’
2020 3502 2295 3566 ἄεθλον·
