<?xml version="1.0" encoding="UTF-8"?>
<!DOCTYPE html PUBLIC "-//W3C//DTD XHTML 1.0 Transitional//EN"
    "http://www.w3.org/TR/xhtml1/DTD/xhtml1-transitional.dtd">
<html xmlns="http://www.w3.org/1999/xhtml" xml:lang="en" lang="en">
 <head>
  <title>
</title>
<meta http-equiv="Content-Type" content="text/html;charset=utf-8" />
  <meta name='ocr-system' content='tesseract 3.04.00' />
  <meta name='ocr-capabilities' content='ocr_page ocr_carea ocr_par ocr_line ocrx_word'/>
</head>
<body>
  <div class='ocr_page' id='page_1' title='image "./homeriodyssea00wolfgoog_0034.png"; bbox 0 0 2646 3932; ppageno 0'>
   <div class='ocr_carea' id='block_1_1' title="bbox 346 183 1616 248">
    <p class='ocr_par' dir='ltr' id='par_1_1' title="bbox 346 183 1616 248">
     <span class='ocr_line' id='line_1_1' title="bbox 346 183 1616 248; baseline 0.003 -11"><span class='ocrx_word' id='word_1_1' title='bbox 346 183 386 248; x_wconf 89' lang='grc'>6</span> <span class='ocrx_word' id='word_1_2' title='bbox 1101 188 1519 239; x_wconf 81' lang='grc' dir='ltr'><strong>ΟΔΤΣΣΕῙΔΣ</strong></span> <span class='ocrx_word' id='word_1_3' title='bbox 1551 189 1616 241; x_wconf 77' lang='lat' dir='ltr'><strong><em>A.</em></strong></span> 
     </span>
    </p>
   </div>
   <div class='ocr_carea' id='block_1_2' title="bbox 303 323 2365 3595">
    <p class='ocr_par' dir='ltr' id='par_1_2' title="bbox 303 323 2365 3595">
     <span class='ocr_line' id='line_1_2' title="bbox 433 323 2260 415; baseline 0.001 -20"><span class='ocrx_word' id='word_1_4' title='bbox 433 327 500 406; x_wconf 87' lang='grc' dir='ltr'><strong><em>ἐς</em></strong></span> <span class='ocrx_word' id='word_1_5' title='bbox 545 326 606 395; x_wconf 88' lang='grc' dir='ltr'><strong><em>δ’</em></strong></span> <span class='ocrx_word' id='word_1_6' title='bbox 657 323 876 411; x_wconf 85' lang='grc' dir='ltr'><strong><em>ἦλθον</em></strong></span> <span class='ocrx_word' id='word_1_7' title='bbox 920 339 1288 415; x_wconf 78' lang='grc' dir='ltr'><strong><em>μνηστῆρες</em></strong></span> <span class='ocrx_word' id='word_1_8' title='bbox 1335 329 1671 415; x_wconf 75' lang='grc' dir='ltr'><em>ἀγήνορες.</em></span> <span class='ocrx_word' id='word_1_9' title='bbox 1763 330 1836 397; x_wconf 78' lang='grc' dir='ltr'><strong><em>οἱ</em></strong></span> <span class='ocrx_word' id='word_1_10' title='bbox 1874 327 1995 415; x_wconf 72' lang='grc' dir='ltr'><strong><em>μὲν</em></strong></span> <span class='ocrx_word' id='word_1_11' title='bbox 2042 334 2260 397; x_wconf 85' lang='grc' dir='ltr'><strong><em>ἔπειτα</em></strong></span> 
     </span>
     <span class='ocr_line' id='line_1_3' title="bbox 345 432 2365 521; baseline 0.001 -22"><span class='ocrx_word' id='word_1_12' title='bbox 345 432 552 518; x_wconf 78' lang='grc' dir='ltr'><em>ἑξείης</em></span> <span class='ocrx_word' id='word_1_13' title='bbox 596 434 817 513; x_wconf 79' lang='grc' dir='ltr'><strong><em>ἕζοντο</em></strong></span> <span class='ocrx_word' id='word_1_14' title='bbox 862 436 1026 500; x_wconf 78' lang='grc' dir='ltr'><strong><em>κατὰ</em></strong></span> <span class='ocrx_word' id='word_1_15' title='bbox 1069 437 1388 521; x_wconf 81' lang='grc' dir='ltr'><strong><em>κλισμούς</em></strong></span> <span class='ocrx_word' id='word_1_16' title='bbox 1432 459 1501 501; x_wconf 90' lang='grc' dir='ltr'><strong><em>τε</em></strong></span> <span class='ocrx_word' id='word_1_17' title='bbox 1546 439 1843 521; x_wconf 75' lang='grc' dir='ltr'><strong><em>θρόνους</em></strong></span> <span class='ocrx_word' id='word_1_18' title='bbox 1887 460 1986 520; x_wconf 82' lang='grc' dir='ltr'><strong><em>τε,</em></strong></span> <span class='ocrx_word' id='word_1_19' title='bbox 2266 455 2365 502; x_wconf 84' lang='grc'><strong><em>145</em></strong></span> 
     </span>
     <span class='ocr_line' id='line_1_4' title="bbox 344 537 2088 628; baseline 0.003 -24"><span class='ocrx_word' id='word_1_20' title='bbox 344 552 518 606; x_wconf 81' lang='grc' dir='ltr'><strong><em>τοῖσι</em></strong></span> <span class='ocrx_word' id='word_1_21' title='bbox 565 537 638 607; x_wconf 76' lang='grc' dir='ltr'><strong><em>δὲ</em></strong></span> <span class='ocrx_word' id='word_1_22' title='bbox 684 543 961 626; x_wconf 87' lang='grc' dir='ltr'><strong><em>κήρυκες</em></strong></span> <span class='ocrx_word' id='word_1_23' title='bbox 1005 537 1129 625; x_wconf 69' lang='grc' dir='ltr'><strong><em>μὲν</em></strong></span> <span class='ocrx_word' id='word_1_24' title='bbox 1171 541 1357 627; x_wconf 76' lang='grc' dir='ltr'><strong><em>ὕδωρ</em></strong></span> <span class='ocrx_word' id='word_1_25' title='bbox 1405 540 1512 608; x_wconf 85' lang='grc' dir='ltr'><strong><em>ἐπὶ</em></strong></span> <span class='ocrx_word' id='word_1_26' title='bbox 1557 554 1779 627; x_wconf 81' lang='grc' dir='ltr'><strong><em>χεῖρας</em></strong></span> <span class='ocrx_word' id='word_1_27' title='bbox 1823 546 2088 628; x_wconf 80' lang='grc' dir='ltr'><strong><em>ἔχευαν,</em></strong></span> 
     </span>
     <span class='ocr_line' id='line_1_5' title="bbox 345 643 1901 732; baseline 0.003 -21"><span class='ocrx_word' id='word_1_28' title='bbox 345 658 532 712; x_wconf 85' lang='grc' dir='ltr'><strong><em>σῖτον</em></strong></span> <span class='ocrx_word' id='word_1_29' title='bbox 579 643 653 712; x_wconf 69' lang='grc' dir='ltr'><strong><em>δὲ</em></strong></span> <span class='ocrx_word' id='word_1_30' title='bbox 699 645 911 731; x_wconf 84' lang='grc' dir='ltr'><strong><em>δμωαὶ</em></strong></span> <span class='ocrx_word' id='word_1_31' title='bbox 957 649 1370 731; x_wconf 77' lang='grc' dir='ltr'><strong><em>παρενήνεον</em></strong></span> <span class='ocrx_word' id='word_1_32' title='bbox 1414 647 1489 713; x_wconf 87' lang='grc' dir='ltr'><strong><em>ἐν</em></strong></span> <span class='ocrx_word' id='word_1_33' title='bbox 1531 647 1901 732; x_wconf 80' lang='grc' dir='ltr'><strong><em>κανέοισιν,</em></strong></span> 
     </span>
     <span class='ocr_line' id='line_1_6' title="bbox 351 749 1910 837; baseline 0.001 -19"><span class='ocrx_word' id='word_1_34' title='bbox 351 756 609 837; x_wconf 82' lang='grc' dir='ltr'><strong><em>[κοῦροι</em></strong></span> <span class='ocrx_word' id='word_1_35' title='bbox 657 749 731 819; x_wconf 69' lang='grc' dir='ltr'><strong><em>δὲ</em></strong></span> <span class='ocrx_word' id='word_1_36' title='bbox 775 762 1104 837; x_wconf 90' lang='grc' dir='ltr'><strong><em>κρητῆρας</em></strong></span> <span class='ocrx_word' id='word_1_37' title='bbox 1149 753 1588 832; x_wconf 81' lang='grc' dir='ltr'><strong><em>ἐπεστέψαντο</em></strong></span> <span class='ocrx_word' id='word_1_38' title='bbox 1633 757 1910 836; x_wconf 80' lang='grc' dir='ltr'><strong><em>ποτοῖο.]</em></strong></span> 
     </span>
     <span class='ocr_line' id='line_1_7' title="bbox 345 857 2264 945; baseline 0.001 -21"><span class='ocrx_word' id='word_1_39' title='bbox 345 859 415 924; x_wconf 70' lang='lat' dir='ltr'><strong><em>os</em></strong></span> <span class='ocrx_word' id='word_1_40' title='bbox 456 858 518 924; x_wconf 91' lang='grc' dir='ltr'><strong><em>δ’</em></strong></span> <span class='ocrx_word' id='word_1_41' title='bbox 572 858 671 925; x_wconf 85' lang='grc' dir='ltr'><strong><em>ἐπ’</em></strong></span> <span class='ocrx_word' id='word_1_42' title='bbox 725 857 981 925; x_wconf 81' lang='grc' dir='ltr'><strong><em>ὀνείαθ’</em></strong></span> <span class='ocrx_word' id='word_1_43' title='bbox 1035 858 1262 943; x_wconf 82' lang='grc' dir='ltr'><strong><em>ἑτοῖμα</em></strong></span> <span class='ocrx_word' id='word_1_44' title='bbox 1306 863 1705 944; x_wconf 81' lang='grc' dir='ltr'><strong><em>προκείμενα</em></strong></span> <span class='ocrx_word' id='word_1_45' title='bbox 1749 872 1971 945; x_wconf 81' lang='grc' dir='ltr'><strong><em>χεῖρας</em></strong></span> <span class='ocrx_word' id='word_1_46' title='bbox 2016 866 2264 926; x_wconf 75' lang='grc' dir='ltr'><strong><em>ἴαλλον.</em></strong></span> 
     </span>
     <span class='ocr_line' id='line_1_8' title="bbox 344 963 2364 1050; baseline 0.001 -19"><span class='ocrx_word' id='word_1_47' title='bbox 344 966 550 1050; x_wconf 82' lang='grc' dir='ltr'><strong><em>αὐτὰρ</em></strong></span> <span class='ocrx_word' id='word_1_48' title='bbox 599 963 738 1031; x_wconf 83' lang='grc' dir='ltr'><strong><em>ἐπεὶ</em></strong></span> <span class='ocrx_word' id='word_1_49' title='bbox 782 968 1013 1042; x_wconf 87' lang='grc' dir='ltr'><strong><em>πόσιος</em></strong></span> <span class='ocrx_word' id='word_1_50' title='bbox 1057 964 1168 1030; x_wconf 86' lang='grc' dir='ltr'><strong><em>καὶ</em></strong></span> <span class='ocrx_word' id='word_1_51' title='bbox 1214 964 1488 1049; x_wconf 81' lang='grc' dir='ltr'><strong><em>ἐδητύος</em></strong></span> <span class='ocrx_word' id='word_1_52' title='bbox 1533 963 1600 1044; x_wconf 80' lang='grc' dir='ltr'><strong><em>ἐξ</em></strong></span> <span class='ocrx_word' id='word_1_53' title='bbox 1646 968 1804 1050; x_wconf 84' lang='grc' dir='ltr'><strong><em>ἔρον</em></strong></span> <span class='ocrx_word' id='word_1_54' title='bbox 1848 966 2030 1049; x_wconf 80' lang='grc' dir='ltr'><strong><em>ἕντο,</em></strong></span> <span class='ocrx_word' id='word_1_55' title='bbox 2263 984 2364 1033; x_wconf 87' lang='grc'><strong><em>150</em></strong></span> 
     </span>
     <span class='ocr_line' id='line_1_9' title="bbox 342 1067 2170 1157; baseline 0.001 -21"><span class='ocrx_word' id='word_1_56' title='bbox 342 1081 709 1157; x_wconf 87' lang='grc' dir='ltr'><strong><em>μνηστῆρες</em></strong></span> <span class='ocrx_word' id='word_1_57' title='bbox 754 1083 970 1137; x_wconf 80' lang='grc' dir='ltr'><strong><em>τοῖσιν</em></strong></span> <span class='ocrx_word' id='word_1_58' title='bbox 1015 1067 1137 1155; x_wconf 74' lang='grc' dir='ltr'><strong><em>μὲν</em></strong></span> <span class='ocrx_word' id='word_1_59' title='bbox 1182 1069 1283 1136; x_wconf 81' lang='grc' dir='ltr'><strong><em>ἐνὶ</em></strong></span> <span class='ocrx_word' id='word_1_60' title='bbox 1329 1069 1569 1155; x_wconf 84' lang='grc' dir='ltr'><strong><em>φρεσὶν</em></strong></span> <span class='ocrx_word' id='word_1_61' title='bbox 1615 1073 1782 1137; x_wconf 72' lang='grc' dir='ltr'><strong><em>ἄλλα</em></strong></span> <span class='ocrx_word' id='word_1_62' title='bbox 1827 1074 2170 1156; x_wconf 86' lang='grc' dir='ltr'><strong><em>μεμήλειν,</em></strong></span> 
     </span>
     <span class='ocr_line' id='line_1_10' title="bbox 342 1174 2326 1263; baseline 0.001 -22"><span class='ocrx_word' id='word_1_63' title='bbox 342 1180 558 1262; x_wconf 89' lang='grc' dir='ltr'><strong><em>μολπή</em></strong></span> <span class='ocrx_word' id='word_1_64' title='bbox 604 1175 661 1241; x_wconf 90' lang='grc' dir='ltr'><strong><em>τ’</em></strong></span> <span class='ocrx_word' id='word_1_65' title='bbox 716 1178 1041 1263; x_wconf 86' lang='grc' dir='ltr'><strong><em>ὀρχηστύς</em></strong></span> <span class='ocrx_word' id='word_1_66' title='bbox 1084 1197 1182 1243; x_wconf 92' lang='grc' dir='ltr'><strong><em>τε·</em></strong></span> <span class='ocrx_word' id='word_1_67' title='bbox 1227 1178 1308 1242; x_wconf 82' lang='grc' dir='ltr'><strong><em>τὰ</em></strong></span> <span class='ocrx_word' id='word_1_68' title='bbox 1353 1177 1480 1262; x_wconf 84' lang='grc' dir='ltr'><strong><em>γάρ</em></strong></span> <span class='ocrx_word' id='word_1_69' title='bbox 1525 1174 1582 1242; x_wconf 90' lang='grc' dir='ltr'><strong><em>τ’</em></strong></span> <span class='ocrx_word' id='word_1_70' title='bbox 1636 1176 2030 1261; x_wconf 84' lang='grc' dir='ltr'><strong><em>ἀναθήματα</em></strong></span> <span class='ocrx_word' id='word_1_71' title='bbox 2077 1180 2326 1256; x_wconf 89' lang='grc' dir='ltr'><strong><em>δαιτός·</em></strong></span> 
     </span>
     <span class='ocr_line' id='line_1_11' title="bbox 341 1281 2061 1369; baseline 0.001 -20"><span class='ocrx_word' id='word_1_72' title='bbox 341 1282 546 1369; x_wconf 82' lang='grc' dir='ltr'><strong><em>κῆρυξ</em></strong></span> <span class='ocrx_word' id='word_1_73' title='bbox 592 1281 653 1347; x_wconf 93' lang='grc' dir='ltr'><strong><em>δ’</em></strong></span> <span class='ocrx_word' id='word_1_74' title='bbox 706 1283 781 1348; x_wconf 81' lang='grc' dir='ltr'><strong><em>ἐν</em></strong></span> <span class='ocrx_word' id='word_1_75' title='bbox 825 1282 1053 1368; x_wconf 85' lang='grc' dir='ltr'><strong><em>χερσὶν</em></strong></span> <span class='ocrx_word' id='word_1_76' title='bbox 1097 1286 1371 1368; x_wconf 73' lang='grc' dir='ltr'><strong><em>κίθαριν</em></strong></span> <span class='ocrx_word' id='word_1_77' title='bbox 1414 1283 1806 1367; x_wconf 82' lang='grc' dir='ltr'><strong><em>περικαλλέα</em></strong></span> <span class='ocrx_word' id='word_1_78' title='bbox 1850 1289 2061 1367; x_wconf 84' lang='grc' dir='ltr'><strong><em>θῆκεν</em></strong></span> 
     </span>
     <span class='ocr_line' id='line_1_12' title="bbox 348 1388 2067 1478; baseline 0.001 -25"><span class='ocrx_word' id='word_1_79' title='bbox 348 1392 613 1478; x_wconf 75' lang='grc' dir='ltr'><strong><em>Φημίῳ,</em></strong></span> <span class='ocrx_word' id='word_1_80' title='bbox 660 1391 733 1467; x_wconf 83' lang='grc' dir='ltr'><strong><em>ὅς</em></strong></span> <span class='ocrx_word' id='word_1_81' title='bbox 779 1388 839 1476; x_wconf 83' lang='grc' dir='ltr'><strong><em>ῤ’</em></strong></span> <span class='ocrx_word' id='word_1_82' title='bbox 892 1391 1071 1474; x_wconf 78' lang='grc' dir='ltr'><strong><em>ἤειδε</em></strong></span> <span class='ocrx_word' id='word_1_83' title='bbox 1116 1391 1293 1474; x_wconf 82' lang='grc' dir='ltr'><strong><em>παρὰ</em></strong></span> <span class='ocrx_word' id='word_1_84' title='bbox 1340 1398 1751 1473; x_wconf 80' lang='grc' dir='ltr'><strong><em>μνηστῆρσιν</em></strong></span> <span class='ocrx_word' id='word_1_85' title='bbox 1796 1389 2067 1476; x_wconf 75' lang='grc' dir='ltr'><strong><em>ἀνάγκῃ.</em></strong></span> 
     </span>
     <span class='ocr_line' id='line_1_13' title="bbox 342 1491 2360 1580; baseline 0.002 -21"><span class='ocrx_word' id='word_1_86' title='bbox 342 1491 381 1577; x_wconf 89' lang='grc' dir='ltr'><em>ἦ</em></span> <span class='ocrx_word' id='word_1_87' title='bbox 428 1519 532 1561; x_wconf 91' lang='grc' dir='ltr'><strong><em>τοι</em></strong></span> <span class='ocrx_word' id='word_1_88' title='bbox 577 1495 612 1561; x_wconf 88' lang='grc' dir='ltr'>ὁ</span> <span class='ocrx_word' id='word_1_89' title='bbox 659 1498 998 1580; x_wconf 77' lang='grc' dir='ltr'><strong><em>φορμίζων</em></strong></span> <span class='ocrx_word' id='word_1_90' title='bbox 1043 1495 1439 1578; x_wconf 77' lang='grc' dir='ltr'><strong><em>ἀνεβάλλετο</em></strong></span> <span class='ocrx_word' id='word_1_91' title='bbox 1484 1496 1689 1560; x_wconf 88' lang='grc' dir='ltr'><strong><em>καλὸν</em></strong></span> <span class='ocrx_word' id='word_1_92' title='bbox 1735 1495 2012 1579; x_wconf 78' lang='grc' dir='ltr'><strong><em>ἀείδειν,</em></strong></span> <span class='ocrx_word' id='word_1_93' title='bbox 2260 1516 2360 1563; x_wconf 90' lang='grc'><strong><em>155</em></strong></span> 
     </span>
     <span class='ocr_line' id='line_1_14' title="bbox 342 1598 2093 1687; baseline 0.001 -21"><span class='ocrx_word' id='word_1_94' title='bbox 342 1601 550 1687; x_wconf 78' lang='grc' dir='ltr'><strong><em>αὐτὰρ</em></strong></span> <span class='ocrx_word' id='word_1_95' title='bbox 606 1600 981 1686; x_wconf 87' lang='grc' dir='ltr'><strong><em>Τηλέμαχος</em></strong></span> <span class='ocrx_word' id='word_1_96' title='bbox 1024 1598 1327 1686; x_wconf 79' lang='grc' dir='ltr'><strong><em>προσέφη</em></strong></span> <span class='ocrx_word' id='word_1_97' title='bbox 1373 1604 1761 1682; x_wconf 80' lang='grc' dir='ltr'><strong><em>γλαυκῶπιν</em></strong></span> <span class='ocrx_word' id='word_1_98' title='bbox 1800 1599 2093 1687; x_wconf 84' lang='grc' dir='ltr'><strong><em>’Λθήνην</em></strong></span> 
     </span>
     <span class='ocr_line' id='line_1_15' title="bbox 342 1705 2168 1792; baseline 0.002 -22"><span class='ocrx_word' id='word_1_99' title='bbox 342 1709 492 1791; x_wconf 75' lang='grc' dir='ltr'><strong><em>ἄγχι</em></strong></span> <span class='ocrx_word' id='word_1_100' title='bbox 538 1708 716 1792; x_wconf 82' lang='grc' dir='ltr'><strong><em>σχὼν</em></strong></span> <span class='ocrx_word' id='word_1_101' title='bbox 761 1709 1086 1790; x_wconf 89' lang='grc' dir='ltr'><strong><em>κεφαλήν,</em></strong></span> <span class='ocrx_word' id='word_1_102' title='bbox 1133 1707 1244 1771; x_wconf 83' lang='grc' dir='ltr'><strong><em>ἴνα</em></strong></span> <span class='ocrx_word' id='word_1_103' title='bbox 1289 1706 1378 1790; x_wconf 83' lang='grc' dir='ltr'><strong><em>μὴ</em></strong></span> <span class='ocrx_word' id='word_1_104' title='bbox 1426 1705 1786 1773; x_wconf 88' lang='grc' dir='ltr'><strong><em>πευθοίαθ’</em></strong></span> <span class='ocrx_word' id='word_1_105' title='bbox 1841 1709 1912 1772; x_wconf 79' lang='grc' dir='ltr'><strong><em>οἰ</em></strong></span> <span class='ocrx_word' id='word_1_106' title='bbox 1952 1709 2168 1774; x_wconf 79' lang='grc' dir='ltr'><strong><em>ἄλλοι·</em></strong></span> 
     </span>
     <span class='ocr_line' id='line_1_16' title="bbox 343 1807 2221 1897; baseline 0.002 -19"><span class='ocrx_word' id='word_1_107' title='bbox 343 1815 556 1894; x_wconf 82' lang='grc' dir='ltr'><strong><em>,,ξεΐνε</em></strong></span> <span class='ocrx_word' id='word_1_108' title='bbox 603 1812 777 1897; x_wconf 86' lang='grc' dir='ltr'><strong><em>φίλ’,</em></strong></span> <span class='ocrx_word' id='word_1_109' title='bbox 822 1807 863 1895; x_wconf 83' lang='grc' dir='ltr'><em>ἦ</em></span> <span class='ocrx_word' id='word_1_110' title='bbox 909 1815 1026 1877; x_wconf 91' lang='grc' dir='ltr'><strong><em>καί</em></strong></span> <span class='ocrx_word' id='word_1_111' title='bbox 1064 1834 1178 1896; x_wconf 93' lang='grc' dir='ltr'><strong><em>μοι</em></strong></span> <span class='ocrx_word' id='word_1_112' title='bbox 1221 1815 1640 1896; x_wconf 87' lang='grc' dir='ltr'><strong><em>νεμεσήσεαι,</em></strong></span> <span class='ocrx_word' id='word_1_113' title='bbox 1689 1813 1827 1878; x_wconf 83' lang='grc' dir='ltr'><strong><em>ὅττι</em></strong></span> <span class='ocrx_word' id='word_1_114' title='bbox 1872 1836 1987 1879; x_wconf 88' lang='grc' dir='ltr'><strong><em>κεν</em></strong></span> <span class='ocrx_word' id='word_1_115' title='bbox 2033 1822 2221 1895; x_wconf 68' lang='grc' dir='ltr'><strong><em>εἴπως</em></strong></span> 
     </span>
     <span class='ocr_line' id='line_1_17' title="bbox 339 1915 2076 2005; baseline 0.001 -21"><span class='ocrx_word' id='word_1_116' title='bbox 339 1921 675 1986; x_wconf 83' lang='grc' dir='ltr'><strong><em>τούτοισιν</em></strong></span> <span class='ocrx_word' id='word_1_117' title='bbox 720 1915 842 2005; x_wconf 76' lang='grc' dir='ltr'><strong><em>μὲν</em></strong></span> <span class='ocrx_word' id='word_1_118' title='bbox 886 1927 1090 1985; x_wconf 88' lang='grc' dir='ltr'><strong><em>ταῦτα</em></strong></span> <span class='ocrx_word' id='word_1_119' title='bbox 1135 1916 1346 2003; x_wconf 82' lang='grc' dir='ltr'><strong><em>μέλει,</em></strong></span> <span class='ocrx_word' id='word_1_120' title='bbox 1392 1921 1660 2005; x_wconf 88' lang='grc' dir='ltr'><strong><em>κίθαρις</em></strong></span> <span class='ocrx_word' id='word_1_121' title='bbox 1704 1917 1815 1986; x_wconf 84' lang='grc' dir='ltr'><strong><em>καὶ</em></strong></span> <span class='ocrx_word' id='word_1_122' title='bbox 1853 1919 2076 2005; x_wconf 88' lang='grc' dir='ltr'><strong><em>ἀοιδή,</em></strong></span> 
     </span>
     <span class='ocr_line' id='line_1_18' title="bbox 303 2014 2357 2110; baseline 0.002 -20"><span class='ocrx_word' id='word_1_123' title='bbox 303 2014 307 2020; x_wconf 47' lang='grc'><strong><em>’</em></strong></span> <span class='ocrx_word' id='word_1_124' title='bbox 341 2024 491 2108; x_wconf 77' lang='grc' dir='ltr'><strong><em>ῥεῖ’,</em></strong></span> <span class='ocrx_word' id='word_1_125' title='bbox 539 2023 679 2090; x_wconf 86' lang='grc' dir='ltr'><strong><em>ἐπεὶ</em></strong></span> <span class='ocrx_word' id='word_1_126' title='bbox 726 2025 1074 2108; x_wconf 91' lang='grc' dir='ltr'><strong><em>ἀλλότριον</em></strong></span> <span class='ocrx_word' id='word_1_127' title='bbox 1118 2027 1349 2108; x_wconf 87' lang='grc' dir='ltr'><strong><em>βίοτον</em></strong></span> <span class='ocrx_word' id='word_1_128' title='bbox 1391 2027 1717 2108; x_wconf 86' lang='grc' dir='ltr'><strong><em>νήποινον</em></strong></span> <span class='ocrx_word' id='word_1_129' title='bbox 1764 2026 2065 2110; x_wconf 83' lang='grc' dir='ltr'><strong><em>ἔδουσιν,</em></strong></span> <span class='ocrx_word' id='word_1_130' title='bbox 2258 2046 2357 2095; x_wconf 82' lang='grc'><strong><em>160</em></strong></span> 
     </span>
     <span class='ocr_line' id='line_1_19' title="bbox 339 2125 2115 2221; baseline 0.001 -26"><span class='ocrx_word' id='word_1_131' title='bbox 339 2130 604 2216; x_wconf 81' lang='grc' dir='ltr'><strong><em>ἀνέρος,</em></strong></span> <span class='ocrx_word' id='word_1_132' title='bbox 653 2125 736 2196; x_wconf 84' lang='grc' dir='ltr'><strong><em>οὗ</em></strong></span> <span class='ocrx_word' id='word_1_133' title='bbox 780 2133 865 2215; x_wconf 84' lang='grc' dir='ltr'><strong><em>δή</em></strong></span> <span class='ocrx_word' id='word_1_134' title='bbox 909 2153 1040 2196; x_wconf 91' lang='grc' dir='ltr'><strong><em>που</em></strong></span> <span class='ocrx_word' id='word_1_135' title='bbox 1087 2130 1265 2197; x_wconf 88' lang='grc' dir='ltr'><strong><em>λεύκ’</em></strong></span> <span class='ocrx_word' id='word_1_136' title='bbox 1318 2130 1513 2196; x_wconf 87' lang='grc' dir='ltr'><strong><em>ὀστέα</em></strong></span> <span class='ocrx_word' id='word_1_137' title='bbox 1558 2131 1842 2196; x_wconf 90' lang='grc' dir='ltr'><strong><em>πύθεται</em></strong></span> <span class='ocrx_word' id='word_1_138' title='bbox 1890 2133 2115 2221; x_wconf 78' lang='grc' dir='ltr'><strong><em>ὄμβρῳ</em></strong></span> 
     </span>
     <span class='ocr_line' id='line_1_20' title="bbox 337 2234 2069 2321; baseline 0.001 -19"><span class='ocrx_word' id='word_1_139' title='bbox 337 2235 580 2321; x_wconf 86' lang='grc' dir='ltr'><strong><em>κείμεν’</em></strong></span> <span class='ocrx_word' id='word_1_140' title='bbox 635 2234 733 2301; x_wconf 88' lang='grc' dir='ltr'><strong><em>ἐπ’</em></strong></span> <span class='ocrx_word' id='word_1_141' title='bbox 787 2237 1095 2319; x_wconf 82' lang='grc' dir='ltr'><strong><em>ἠπείρου,</em></strong></span> <span class='ocrx_word' id='word_1_142' title='bbox 1142 2235 1182 2319; x_wconf 78' lang='grc' dir='ltr'><strong><em>ἣ</em></strong></span> <span class='ocrx_word' id='word_1_143' title='bbox 1232 2240 1334 2302; x_wconf 85' lang='grc' dir='ltr'><strong><em>εἰν</em></strong></span> <span class='ocrx_word' id='word_1_144' title='bbox 1380 2235 1490 2301; x_wconf 83' lang='grc' dir='ltr'><strong><em>ἁλὶ</em></strong></span> <span class='ocrx_word' id='word_1_145' title='bbox 1535 2247 1710 2321; x_wconf 87' lang='grc' dir='ltr'><strong><em>κῦμα</em></strong></span> <span class='ocrx_word' id='word_1_146' title='bbox 1755 2240 2069 2303; x_wconf 90' lang='grc' dir='ltr'><strong><em>κυλίνδει.</em></strong></span> 
     </span>
     <span class='ocr_line' id='line_1_21' title="bbox 337 2340 1955 2428; baseline -0.001 -19"><span class='ocrx_word' id='word_1_147' title='bbox 337 2346 399 2409; x_wconf 83' lang='grc' dir='ltr'><strong><em>εἰ</em></strong></span> <span class='ocrx_word' id='word_1_148' title='bbox 439 2345 664 2409; x_wconf 83' lang='grc' dir='ltr'><strong><em>κεῖνόν</em></strong></span> <span class='ocrx_word' id='word_1_149' title='bbox 708 2340 770 2426; x_wconf 90' lang='grc' dir='ltr'><strong><em>γ’</em></strong></span> <span class='ocrx_word' id='word_1_150' title='bbox 819 2340 1163 2427; x_wconf 78' lang='grc' dir='ltr'><strong><em>Ἰθάκηνδε</em></strong></span> <span class='ocrx_word' id='word_1_151' title='bbox 1213 2345 1467 2409; x_wconf 78' lang='grc' dir='ltr'><strong><em>ι’δοιάτο</em></strong></span> <span class='ocrx_word' id='word_1_152' title='bbox 1512 2347 1955 2428; x_wconf 85' lang='grc' dir='ltr'><strong><em>νοστήσαντα,</em></strong></span> 
     </span>
     <span class='ocr_line' id='line_1_22' title="bbox 336 2445 2028 2535; baseline 0.001 -21"><span class='ocrx_word' id='word_1_153' title='bbox 336 2451 573 2526; x_wconf 77' lang='grc' dir='ltr'><strong><em>πάντες</em></strong></span> <span class='ocrx_word' id='word_1_154' title='bbox 617 2447 676 2514; x_wconf 93' lang='grc' dir='ltr'><strong><em>κ’</em></strong></span> <span class='ocrx_word' id='word_1_155' title='bbox 730 2446 1071 2533; x_wconf 84' lang='grc' dir='ltr'><strong><em>ἀρησαίατ’</em></strong></span> <span class='ocrx_word' id='word_1_156' title='bbox 1125 2448 1556 2535; x_wconf 80' lang='grc' dir='ltr'><strong><em>ἐλαφρότεροι</em></strong></span> <span class='ocrx_word' id='word_1_157' title='bbox 1602 2450 1810 2526; x_wconf 87' lang='grc' dir='ltr'><strong><em>πόδας</em></strong></span> <span class='ocrx_word' id='word_1_158' title='bbox 1855 2445 2028 2515; x_wconf 83' lang='grc' dir='ltr'><strong><em>εἶναι</em></strong></span> 
     </span>
     <span class='ocr_line' id='line_1_23' title="bbox 335 2554 2353 2639; baseline 0.002 -20"><span class='ocrx_word' id='word_1_159' title='bbox 335 2555 374 2637; x_wconf 79' lang='grc' dir='ltr'>ἢ</span> <span class='ocrx_word' id='word_1_160' title='bbox 423 2555 837 2639; x_wconf 89' lang='grc' dir='ltr'><strong><em>ἀφνειότεροι</em></strong></span> <span class='ocrx_word' id='word_1_161' title='bbox 883 2557 1157 2639; x_wconf 81' lang='grc' dir='ltr'><strong><em>χρυσοῖό</em></strong></span> <span class='ocrx_word' id='word_1_162' title='bbox 1202 2577 1272 2619; x_wconf 89' lang='grc' dir='ltr'><strong><em>τε</em></strong></span> <span class='ocrx_word' id='word_1_163' title='bbox 1318 2554 1600 2637; x_wconf 86' lang='grc' dir='ltr'><strong><em>ἐσθῆτός</em></strong></span> <span class='ocrx_word' id='word_1_164' title='bbox 1644 2578 1732 2622; x_wconf 88' lang='grc' dir='ltr'><strong><em>τε.</em></strong></span> <span class='ocrx_word' id='word_1_165' title='bbox 2253 2574 2353 2623; x_wconf 81' lang='grc'><strong><em>165</em></strong></span> 
     </span>
     <span class='ocr_line' id='line_1_24' title="bbox 335 2655 2353 2747; baseline 0.001 -22"><span class='ocrx_word' id='word_1_166' title='bbox 335 2670 462 2725; x_wconf 88' lang='grc' dir='ltr'><strong><em>νῦν</em></strong></span> <span class='ocrx_word' id='word_1_167' title='bbox 509 2657 572 2724; x_wconf 91' lang='grc' dir='ltr'><strong><em>δ’</em></strong></span> <span class='ocrx_word' id='word_1_168' title='bbox 626 2660 661 2726; x_wconf 86' lang='grc' dir='ltr'>ὁ</span> <span class='ocrx_word' id='word_1_169' title='bbox 708 2656 830 2744; x_wconf 74' lang='grc' dir='ltr'><strong><em>μὲν</em></strong></span> <span class='ocrx_word' id='word_1_170' title='bbox 877 2655 964 2736; x_wconf 86' lang='grc' dir='ltr'><strong><em>ὧς</em></strong></span> <span class='ocrx_word' id='word_1_171' title='bbox 1010 2659 1305 2725; x_wconf 89' lang='grc' dir='ltr'><strong><em>ἀπόλωλε</em></strong></span> <span class='ocrx_word' id='word_1_172' title='bbox 1345 2661 1548 2725; x_wconf 90' lang='grc' dir='ltr'><strong><em>κακὸν</em></strong></span> <span class='ocrx_word' id='word_1_173' title='bbox 1585 2664 1816 2747; x_wconf 91' lang='grc' dir='ltr'><strong><em>μόρον,</em></strong></span> <span class='ocrx_word' id='word_1_174' title='bbox 1865 2661 2030 2728; x_wconf 84' lang='grc' dir='ltr'><strong><em>οὐδέ</em></strong></span> <span class='ocrx_word' id='word_1_175' title='bbox 2060 2687 2159 2740; x_wconf 90' lang='grc' dir='ltr'><strong><em>τις</em></strong></span> <span class='ocrx_word' id='word_1_176' title='bbox 2195 2664 2353 2747; x_wconf 75' lang='grc' dir='ltr'><strong><em>ἥμιν</em></strong></span> 
     </span>
     <span class='ocr_line' id='line_1_25' title="bbox 333 2765 1973 2851; baseline 0.002 -21"><span class='ocrx_word' id='word_1_177' title='bbox 333 2769 680 2851; x_wconf 87' lang='grc' dir='ltr'><strong><em>θαλπωρή,</em></strong></span> <span class='ocrx_word' id='word_1_178' title='bbox 727 2772 794 2831; x_wconf 72' lang='grc' dir='ltr'><strong><em>εἴ</em></strong></span> <span class='ocrx_word' id='word_1_179' title='bbox 830 2765 951 2850; x_wconf 88' lang='grc' dir='ltr'><strong><em>πέρ</em></strong></span> <span class='ocrx_word' id='word_1_180' title='bbox 998 2790 1097 2843; x_wconf 91' lang='grc' dir='ltr'><strong><em>τις</em></strong></span> <span class='ocrx_word' id='word_1_181' title='bbox 1142 2766 1547 2850; x_wconf 84' lang='grc' dir='ltr'><strong><em>ἐπιχθονίων</em></strong></span> <span class='ocrx_word' id='word_1_182' title='bbox 1593 2765 1973 2851; x_wconf 84' lang='grc' dir='ltr'><strong><em>ἀνθρώπων</em></strong></span> 
     </span>
     <span class='ocr_line' id='line_1_26' title="bbox 335 2869 2144 2959; baseline 0.001 -22"><span class='ocrx_word' id='word_1_183' title='bbox 335 2882 545 2958; x_wconf 80' lang='grc' dir='ltr'><strong><em>φῇσιν</em></strong></span> <span class='ocrx_word' id='word_1_184' title='bbox 592 2872 1010 2938; x_wconf 90' lang='grc' dir='ltr'><strong><em>ἐλεύσεσθαι·</em></strong></span> <span class='ocrx_word' id='word_1_185' title='bbox 1056 2881 1177 2937; x_wconf 89' lang='grc' dir='ltr'><strong><em>τοῦ</em></strong></span> <span class='ocrx_word' id='word_1_186' title='bbox 1225 2869 1287 2936; x_wconf 95' lang='grc' dir='ltr'><strong><em>δ’</em></strong></span> <span class='ocrx_word' id='word_1_187' title='bbox 1342 2873 1544 2937; x_wconf 76' lang='grc' dir='ltr'><strong><em>ὤλετο</em></strong></span> <span class='ocrx_word' id='word_1_188' title='bbox 1589 2876 1908 2957; x_wconf 91' lang='grc' dir='ltr'><strong><em>νόστιμον</em></strong></span> <span class='ocrx_word' id='word_1_189' title='bbox 1951 2869 2144 2959; x_wconf 87' lang='grc' dir='ltr'><strong><em>ἦμαρ.</em></strong></span> 
     </span>
     <span class='ocr_line' id='line_1_27' title="bbox 334 2975 2136 3062; baseline 0.001 -18"><span class='ocrx_word' id='word_1_190' title='bbox 334 2976 475 3044; x_wconf 90' lang='grc' dir='ltr'><strong><em>ἀλλ’</em></strong></span> <span class='ocrx_word' id='word_1_191' title='bbox 529 2979 645 3060; x_wconf 79' lang='grc' dir='ltr'><strong><em>ἄγε</em></strong></span> <span class='ocrx_word' id='word_1_192' title='bbox 692 3002 804 3062; x_wconf 91' lang='grc' dir='ltr'><strong><em>μοι</em></strong></span> <span class='ocrx_word' id='word_1_193' title='bbox 849 2979 1001 3043; x_wconf 90' lang='grc' dir='ltr'><strong><em>τόδε</em></strong></span> <span class='ocrx_word' id='word_1_194' title='bbox 1048 2975 1187 3043; x_wconf 75' lang='grc' dir='ltr'><strong><em>εἰπὲ</em></strong></span> <span class='ocrx_word' id='word_1_195' title='bbox 1233 2976 1342 3043; x_wconf 84' lang='grc' dir='ltr'><strong><em>καὶ</em></strong></span> <span class='ocrx_word' id='word_1_196' title='bbox 1391 2977 1709 3060; x_wconf 84' lang='grc' dir='ltr'><strong><em>ἀτρεκέως</em></strong></span> <span class='ocrx_word' id='word_1_197' title='bbox 1753 2980 2136 3059; x_wconf 79' lang='grc' dir='ltr'><strong><em>κατάλεξον·</em></strong></span> 
     </span>
     <span class='ocr_line' id='line_1_28' title="bbox 332 3081 2351 3169; baseline 0.001 -20"><span class='ocrx_word' id='word_1_198' title='bbox 332 3088 458 3168; x_wconf 90' lang='grc' dir='ltr'><strong><em>τίς,</em></strong></span> <span class='ocrx_word' id='word_1_199' title='bbox 495 3087 711 3150; x_wconf 91' lang='grc' dir='ltr'><strong><em>πόθεν</em></strong></span> <span class='ocrx_word' id='word_1_200' title='bbox 748 3087 842 3162; x_wconf 78' lang='grc' dir='ltr'><strong><em>εἰς</em></strong></span> <span class='ocrx_word' id='word_1_201' title='bbox 879 3085 1172 3169; x_wconf 82' lang='grc' dir='ltr'><strong><em>ἀνδρῶν;</em></strong></span> <span class='ocrx_word' id='word_1_202' title='bbox 1221 3087 1389 3148; x_wconf 90' lang='grc' dir='ltr'><strong><em>πόθι</em></strong></span> <span class='ocrx_word' id='word_1_203' title='bbox 1424 3107 1527 3148; x_wconf 90' lang='grc' dir='ltr'><strong><em>τοι</em></strong></span> <span class='ocrx_word' id='word_1_204' title='bbox 1563 3087 1752 3162; x_wconf 93' lang='grc' dir='ltr'><strong><em>πόλις</em></strong></span> <span class='ocrx_word' id='word_1_205' title='bbox 1788 3081 1906 3168; x_wconf 77' lang='grc' dir='ltr'><strong><em>ἠδὲ</em></strong></span> <span class='ocrx_word' id='word_1_206' title='bbox 1941 3094 2196 3169; x_wconf 84' lang='grc' dir='ltr'><strong><em>τοκῆες;</em></strong></span> <span class='ocrx_word' id='word_1_207' title='bbox 2252 3103 2351 3152; x_wconf 77' lang='grc'><strong><em>170</em></strong></span> 
     </span>
     <span class='ocr_line' id='line_1_29' title="bbox 333 3188 2092 3275; baseline 0 -20"><span class='ocrx_word' id='word_1_208' title='bbox 333 3191 611 3275; x_wconf 87' lang='grc' dir='ltr'><strong><em>ὁπποίης</em></strong></span> <span class='ocrx_word' id='word_1_209' title='bbox 655 3188 712 3255; x_wconf 91' lang='grc' dir='ltr'><strong><em>τ’</em></strong></span> <span class='ocrx_word' id='word_1_210' title='bbox 766 3189 872 3255; x_wconf 86' lang='grc' dir='ltr'><strong><em>ἐπὶ</em></strong></span> <span class='ocrx_word' id='word_1_211' title='bbox 916 3192 1077 3274; x_wconf 89' lang='grc' dir='ltr'><strong><em>νηὸς</em></strong></span> <span class='ocrx_word' id='word_1_212' title='bbox 1124 3190 1388 3274; x_wconf 88' lang='grc' dir='ltr'><strong><em>ἀφίκεο·</em></strong></span> <span class='ocrx_word' id='word_1_213' title='bbox 1432 3201 1571 3267; x_wconf 82' lang='grc' dir='ltr'><strong><em>πῶς</em></strong></span> <span class='ocrx_word' id='word_1_214' title='bbox 1616 3189 1696 3256; x_wconf 89' lang='grc' dir='ltr'><strong><em>δέ</em></strong></span> <span class='ocrx_word' id='word_1_215' title='bbox 1736 3207 1810 3256; x_wconf 82' lang='grc' dir='ltr'><strong><em>σε</em></strong></span> <span class='ocrx_word' id='word_1_216' title='bbox 1854 3199 2092 3256; x_wconf 91' lang='grc' dir='ltr'><strong><em>ναῦται</em></strong></span> 
     </span>
     <span class='ocr_line' id='line_1_30' title="bbox 331 3295 2080 3380; baseline -0.001 -16"><span class='ocrx_word' id='word_1_217' title='bbox 331 3298 583 3380; x_wconf 79' lang='grc' dir='ltr'><strong><em>ἤγαγον</em></strong></span> <span class='ocrx_word' id='word_1_218' title='bbox 629 3300 723 3374; x_wconf 82' lang='grc' dir='ltr'><strong><em>εἰς</em></strong></span> <span class='ocrx_word' id='word_1_219' title='bbox 762 3295 1058 3380; x_wconf 82' lang='grc' dir='ltr'><strong><em>Ἰθάκην;</em></strong></span> <span class='ocrx_word' id='word_1_220' title='bbox 1115 3300 1291 3374; x_wconf 91' lang='grc' dir='ltr'><strong><em>τίνες</em></strong></span> <span class='ocrx_word' id='word_1_221' title='bbox 1337 3299 1608 3380; x_wconf 83' lang='grc' dir='ltr'><strong><em>ἔμμεναι</em></strong></span> <span class='ocrx_word' id='word_1_222' title='bbox 1652 3296 2080 3380; x_wconf 85' lang='grc' dir='ltr'><strong><em>εὐχετόωντο;</em></strong></span> 
     </span>
     <span class='ocr_line' id='line_1_31' title="bbox 333 3399 2102 3489; baseline -0.001 -21"><span class='ocrx_word' id='word_1_223' title='bbox 333 3403 416 3468; x_wconf 88' lang='grc' dir='ltr'><strong><em>οὐ</em></strong></span> <span class='ocrx_word' id='word_1_224' title='bbox 458 3399 581 3489; x_wconf 74' lang='grc' dir='ltr'><strong><em>μὲν</em></strong></span> <span class='ocrx_word' id='word_1_225' title='bbox 623 3404 751 3488; x_wconf 81' lang='grc' dir='ltr'><strong><em>γάρ</em></strong></span> <span class='ocrx_word' id='word_1_226' title='bbox 796 3407 866 3469; x_wconf 91' lang='grc' dir='ltr'><strong><em>τί</em></strong></span> <span class='ocrx_word' id='word_1_227' title='bbox 906 3420 980 3468; x_wconf 91' lang='grc' dir='ltr'><strong><em>σε</em></strong></span> <span class='ocrx_word' id='word_1_228' title='bbox 1025 3404 1221 3482; x_wconf 80' lang='grc' dir='ltr'><strong><em>πεζὸν</em></strong></span> <span class='ocrx_word' id='word_1_229' title='bbox 1266 3403 1489 3487; x_wconf 90' lang='grc' dir='ltr'><strong><em>ὀίομαι</em></strong></span> <span class='ocrx_word' id='word_1_230' title='bbox 1534 3400 1768 3467; x_wconf 80' lang='grc' dir='ltr'><strong><em>ἐνθάδ’</em></strong></span> <span class='ocrx_word' id='word_1_231' title='bbox 1823 3401 2102 3468; x_wconf 78' lang='grc' dir='ltr'><strong><em>ἱκέσθαι.</em></strong></span> 
     </span>
     <span class='ocr_line' id='line_1_32' title="bbox 331 3505 2195 3595; baseline 0.001 -21"><span class='ocrx_word' id='word_1_232' title='bbox 331 3512 447 3575; x_wconf 92' lang='grc' dir='ltr'><strong><em>καί</em></strong></span> <span class='ocrx_word' id='word_1_233' title='bbox 485 3533 597 3593; x_wconf 92' lang='grc' dir='ltr'><strong><em>μοι</em></strong></span> <span class='ocrx_word' id='word_1_234' title='bbox 640 3507 820 3575; x_wconf 90' lang='grc' dir='ltr'><strong><em>τοῦτ’</em></strong></span> <span class='ocrx_word' id='word_1_235' title='bbox 874 3506 1266 3595; x_wconf 81' lang='grc' dir='ltr'><strong><em>ἀγόρευσον</em></strong></span> <span class='ocrx_word' id='word_1_236' title='bbox 1290 3509 1633 3594; x_wconf 88' lang='grc' dir='ltr'><strong><em>ἐτήτυμον,</em></strong></span> <span class='ocrx_word' id='word_1_237' title='bbox 1680 3505 1835 3594; x_wconf 79' lang='grc' dir='ltr'><strong><em>ὄφρ’</em></strong></span> <span class='ocrx_word' id='word_1_238' title='bbox 1888 3508 1963 3573; x_wconf 81' lang='grc' dir='ltr'><strong><em>ἐὺ</em></strong></span> <span class='ocrx_word' id='word_1_239' title='bbox 2010 3510 2195 3589; x_wconf 77' lang='grc' dir='ltr'><strong><em>εἰδῶ,</em></strong></span> 
     </span>
    </p>
   </div>
  </div>
 </body>
</html>
