2646 3932
1006 162 1423 213 οΔΤΣΣΕΙΑΣ
1461 163 1556 216 XI.
2156 157 2279 220 177

263 300 638 386 κυρτωθέν,
683 303 938 388 κρύψεν
984 299 1058 368 δὲ
1102 304 1273 368 θεὸν
1316 305 1579 387 θνητήν
1622 325 1692 367 τε
1737 312 2038 385 γυναῖκα.

265 410 451 488 [λῦσε
499 403 572 472 δὲ
607 411 981 493 παρθενίην
1019 409 1261 493 ζώνην,
1304 410 1469 475 κατὰ
1508 403 1569 474 δ’
1610 408 1826 473 ὕπνον
1862 410 2132 491 ἔχευεν.]
2179 420 2281 470 245

265 514 475 599 αὐτὰρ
522 512 670 578 ἐπεί
707 507 768 599 ῤ’
819 511 1112 580 ἐτέλεσσε
1156 516 1317 591 θεὸς
1363 517 1716 600 φιλοτήσια
1761 517 1952 598 ἔργα,

264 620 338 684 ἐν
382 614 440 683 τ’
490 620 619 706 ἄρα
665 620 736 684 οἱ
775 628 872 704 φῦ
915 623 1118 706 χειρί,
1166 622 1319 696 ἔπος
1362 615 1420 685 τ’
1471 613 1659 707 ἔφατ’
1710 622 1784 685 ἔκ
1826 613 1884 684 τ’
1935 617 2283 701 ὀνόμαζεν·

266 735 515 811 ,χατρε,
560 726 790 808 γύναι,
836 726 1167 809 φιλότητι·
1256 723 1743 810 περιπλομένου
1791 718 1851 789 δ’
1903 722 2213 788 ἐνιαυτοῦ

270 830 471 911 τέξεις
517 831 729 915 ἀγλαά
772 828 999 914 τέκνα,
1046 827 1186 895 ἐπεὶ
1232 830 1356 895 οὐκ
1401 828 1775 915 ἀποφώλιοι
1821 827 2011 894 εὐναὶ

267 935 649 1001 ἀθανάτων·
705 938 789 1001 σὺ
837 931 910 1000 δὲ
953 938 1111 1012 τοὺς
1153 933 1416 1019 κομέειν
1464 932 1962 1018 ἀτιταλλέμεναί
1998 956 2087 999 τε.
2180 949 2284 999 250

265 1051 394 1107 νῦν
441 1037 504 1108 δ’
556 1044 748 1126 ἔρχευ
791 1041 956 1125 πρὸς
1003 1042 1190 1125 δῶμα
1233 1038 1345 1105 καὶ
1393 1047 1572 1125 ἴσχεο
1618 1035 1773 1125 μηδ’
1824 1039 2182 1125 ὀνομήνῃς·

265 1147 475 1233 αὐτὰρ
520 1145 648 1229 ἐγώ
693 1149 805 1211 τοί
842 1149 976 1230 είμι
1023 1146 1418 1211 Ποσειδάων
1463 1145 1877 1231 ἐνοσίχθωνέ

267 1248 356 1329 ὥς
402 1253 607 1317 εἰπὼν
649 1251 779 1317 ὑπὸ
824 1253 1072 1317 πόντον
1117 1251 1388 1317 ἐδύσετο
1434 1257 1859 1337 κυμαίνοντα.

265 1357 308 1441 ἡ
357 1352 419 1422 δ’
468 1354 934 1441 ὑποκυσαμένη
985 1358 1240 1441 Πελίην
1279 1355 1424 1422 τέκε
1469 1355 1580 1423 καὶ
1624 1361 1895 1442 Νηλῆα,

267 1463 356 1526 τὼ
402 1464 693 1548 κρατερὼ
738 1463 1109 1550 θεράποντε
1154 1466 1322 1540 Διὸς
1368 1465 1679 1548 μεγάλοιο
1724 1463 2055 1548 γενέσθην
2181 1479 2282 1529 255

269 1567 646 1653 ἀμφοτέρω·
693 1572 940 1653 Πελίης
982 1566 1104 1654 μὲν
1149 1569 1223 1636 ἐν
1268 1569 1609 1658 εὐρυχόρῳ
1650 1565 1930 1659 Ἰαωλκῷ

266 1685 412 1739 ναῖε
454 1675 903 1764 πολύρρηνος,
949 1674 987 1740 ὁ
1033 1670 1096 1740 δ’
1146 1671 1251 1762 ἄρ’
1304 1675 1379 1742 ἐν
1427 1676 1634 1764 Πύλφ
1678 1675 2057 1759 ἠμαθόεντι.

265 1782 421 1856 τοὺς
466 1774 528 1845 δ’
579 1778 844 1866 ἑτέρους
887 1783 1159 1867 Κρηθῆι
1202 1780 1389 1847 τέκεν
1432 1783 1733 1864 βασίλεια
1776 1793 2142 1865 γυναικῶν,

268 1886 527 1950 Αἴσονά
570 1881 626 1949 τ’
677 1882 796 1969 ἠδὲ
848 1881 1085 1973 Φέρητ’
1130 1882 1512 1972 Ἀμυθάονά
1554 1882 1630 1952 θ’
1681 1887 2141 1974 ἱππιοχάρμην.

355 1993 478 2074 τὴν
524 1988 599 2057 δὲ
644 1987 781 2076 μετ’
825 1986 1170 2077 Ἀντιόπην
1216 1995 1368 2059 ίδον
1414 1988 1735 2059 Ἀσωποῖο
1780 1993 2114 2080 θύγατρα,
2179 2012 2308 2082 260Ι

268 2097 310 2181 ἣ
358 2098 440 2180 δὴ
486 2095 599 2162 καὶ
641 2099 809 2176 Διὸς
853 2093 1059 2184 εὔχετ’
1110 2098 1183 2164 ἐν
1228 2100 1621 2185 ἀγκοίνῃσιν
1667 2103 1923 2182 ἰαῦσαι,

269 2205 386 2268 καί
425 2198 488 2289 ῤ’
537 2206 755 2270 ἔτεκεν
801 2206 926 2270 δύο
970 2200 1180 2288 παῖδ’,
1219 2200 1543 2291 Ἀμφίονά
1586 2229 1656 2271 τε
1704 2208 1936 2288 Ζῆθόν
1979 2229 2079 2290 τε,

271 2312 344 2374 οἳ
381 2320 630 2394 πρῶτοι
669 2314 891 2395 Θήβης
936 2311 1085 2389 ἕδος
1130 2314 1396 2377 ἔκτισαν
1441 2311 1860 2396 ἑπταπύλοιο,

269 2414 631 2501 πύργωσάν
674 2411 760 2499 τ’,
807 2415 946 2482 ἐπεὶ
991 2418 1075 2483 οὐ
1120 2414 1241 2502 μὲν
1287 2417 1681 2503 ἀπύργωτόν
1725 2441 1800 2503 γε
1848 2418 2137 2484 δύναντο

268 2519 538 2604 ναιέμεν
582 2521 950 2608 εὐρύχορον
997 2525 1228 2607 Θήβην
1279 2524 1573 2609 κρατερώ
1618 2545 1741 2609 περ
1787 2523 1986 2590 ἐόντε.
2180 2540 2283 2591 265

357 2626 480 2710 τὴν
525 2623 600 2692 δὲ
645 2621 781 2711 μετ’
826 2622 1193 2713 Ἀλκμήνην
1248 2631 1400 2694 ἴδον
1447 2623 1941 2714 Ἀμφιτρύωνος
1998 2630 2282 2712 ἄκοιτιν,

268 2734 310 2816 ἥ
357 2727 418 2819 ῤ’
459 2730 797 2818 Ἡρακλῆα
847 2733 1371 2819 θρασυμέμνονα
1412 2733 1834 2819 θυμολέοντα

269 2833 512 2921 γείνατ’
564 2839 638 2905 ἐν
684 2839 1031 2925 ἀγκοίνῃσι
1074 2842 1241 2918 Διὸς
1286 2841 1598 2925 μεγάλοιο
1645 2851 1933 2925 μιγεῖσα·

271 2941 379 3009 καὶ
421 2945 747 3031 Μεγάρην
800 2948 1159 3031 Κρείοντος
1203 2946 1619 3032 ὑπερθύμοιο
1663 2946 1998 3032 θύγατρα,

269 3050 392 3133 τὴν
437 3052 584 3133 ἔχεν
622 3044 1116 3137 Ἀμφιτρύωνος
1158 3053 1305 3129 υίὸς
1350 3049 1547 3136 μένος
1592 3048 1737 3117 αἰὲν
1783 3051 2059 3137 ἀτειρής.
2179 3068 2282 3117 270

358 3154 604 3242 μητέρα
646 3151 703 3221 τ’
760 3158 1127 3224 Οἰδιπόδαο
1176 3159 1356 3241 ἴδον,
1402 3159 1611 3241 καλὴν
1651 3152 2069 3241 Ἐπικάστην,

275 3261 311 3345 ἢ
358 3260 522 3345 μέγα
568 3265 765 3349 ἔργον
810 3264 1029 3348 ἔρεξεν
1074 3264 1403 3349 ἀιδρείῃσι
1446 3266 1634 3330 νόοιο

270 3366 610 3453 γημαμένη
658 3360 710 3457 ᾧ
755 3361 881 3435 υἷι·
927 3368 965 3434 ὁ
1011 3364 1074 3435 δ’
1125 3369 1205 3436 ὃν
1248 3365 1473 3455 πατέρ’
1525 3368 1896 3456 ἐξεναρίξας

269 3482 507 3559 γῆμεν·
552 3476 732 3561 ἄφαρ
780 3469 842 3541 δ’
895 3473 1237 3541 ἀνάπυστα
1281 3473 1436 3541 θεοὶ
1481 3474 1694 3541 θέσαν
1741 3475 2215 3562 ἀνθρώποισιν.

376 3591 575 3629 Houmu
604 3590 838 3632 Onnum.
892 3592 916 3630 1
1792 3585 1856 3631 12
