2646 3932
1029 180 1441 232 ΟΔΤΣΣΕῙΑΣ
1458 195 1463 200 ·
1483 182 1542 230 V.
2208 177 2292 241 83

271 325 380 404 οἴη
429 313 493 409 δ’
544 321 836 407 ἄμμορός
881 321 1020 388 ἐστι
1064 326 1354 407 λοετρῶν
1395 317 1759 387 Ὠκεανοῖο·
2161 337 2290 387 276

270 425 394 508 τὴν
437 426 566 511 γὰρ
612 428 696 510 δή
742 451 858 512 μιν
903 428 1116 511 ἄνωγε
1160 428 1459 505 Καλυψὼ
1506 428 1548 492 δ
1550 438 1618 492 τα
1661 428 1889 493 θεάων

269 532 912 619 ποντοπορευέμεναι
955 528 1056 599 ἐπ’
1108 534 1418 620 ἀριστερὰ
1462 535 1680 619 χειρὸς
1723 536 1974 618 ἔχοντα.

273 634 432 702 ἑπτὰ
477 634 552 703 δὲ
596 638 707 705 καὶ
754 638 911 705 δέκα
956 636 1078 724 μὲν
1121 638 1320 706 πλέεν
1364 639 1579 725 ἤματα
1623 640 2166 725 ποντοπορεύων,
2255 651 2260 656 “

271 741 791 831 ὀκτωκαιδεκάτῃ
837 739 900 811 δ’
953 745 1166 830 ἐφάνη
1213 747 1372 831 ὄρεα
1417 748 1722 811 σκιόεντα

271 850 461 932 γαίης
512 852 855 935 Φαιήκων,
903 852 1020 918 ὅθι
1061 846 1120 917 τ’
1172 852 1488 936 ἄγχιστον
1530 850 1730 918 πέλεν
1775 851 1980 939 αὐτῷ·
2188 869 2294 919 280

271 958 493 1021 εἴσατο
540 951 604 1021 δ’
655 957 744 1035 ὡς
789 952 886 1023 ὅτ’
937 957 1164 1044 ἐρινὸν
1209 957 1283 1023 ἐν
1328 957 1652 1044 ἠεροειδέι
1698 960 1936 1046 πόντφ.

357 1061 479 1126 τὸν
524 1055 590 1127 δ’
643 1062 711 1142 ἐξ
755 1066 1110 1130 Αὐθιόπων
1156 1065 1366 1130 ἀνιὼν
1409 1067 1652 1151 κρείων
1695 1063 2069 1148 ἐνοσίχθων
2121 1097 2130 1104 ·

269 1168 560 1248 τηλόθεν
605 1166 676 1233 ἐκ
719 1169 1052 1254 Σολύμων
1097 1168 1312 1255 ὀρέων
1358 1170 1528 1235 ἴδεν·
1600 1175 1821 1234 εἴσατο
1867 1168 1993 1251 γάρ
2041 1168 2112 1233 οἰ

271 1272 521 1336 πόντον
567 1272 929 1341 ἐπιπλώων.
1006 1275 1042 1341 ὁ
1089 1270 1152 1341 δ’
1203 1275 1494 1360 ἐχώσατο
1540 1277 1784 1360 κηρόθι
1829 1278 2111 1358 μᾶλλον,
2165 1289 2198 1314 ·’

272 1380 546 1461 κινήσας
591 1376 665 1445 δὲ
708 1381 877 1467 κάρη
924 1379 1119 1468 προτὶ
1162 1381 1245 1447 ὃν
1289 1386 1638 1466 μυθήσατο
1682 1381 1935 1464 θυμόν·
2186 1395 2292 1446 285

274 1484 371 1566 ,,ὢ
417 1487 648 1568 πόποι,
694 1480 736 1570 ἦ
781 1488 956 1571 μάλα
1003 1488 1086 1571 δὴ
1132 1487 1660 1572 μετεβούλευσαν
1703 1483 1857 1551 θεοὶ
1902 1486 2115 1562 ἄλλως

273 1584 435 1674 ἀμφ’
481 1586 747 1674 Ὀδυσῆι
791 1592 968 1678 ἐμεῖο
1014 1588 1152 1676 μετ’
1202 1595 1661 1659 Αἰθιόπεσσιν-
1694 1592 1945 1668 ἐόντος·

270 1693 382 1760 καὶ
426 1695 510 1779 δὴ
562 1699 876 1781 Φαιήκων
920 1701 1113 1782 γαίης
1158 1700 1428 1782 σχεδόν,
1475 1701 1644 1763 ἔνθα
1690 1697 1762 1763 οἱ
1801 1692 1957 1762 αἶσα

271 1800 620 1886 ἐκφυγέειν
665 1801 831 1887 μέγα
874 1814 1110 1889 πεῖραρ
1157 1803 1403 1886 ὀιζύος,
1449 1802 1491 1885 ἦ
1536 1808 1652 1887 μιν
1699 1802 1925 1867 ἱκάνει.

272 1902 414 1973 ἀλλ’
467 1910 561 1974 ἔτι
607 1909 727 1993 μέν
772 1911 889 1993 μίν
932 1932 1104 1995 φημι
1149 1910 1320 1995 ἅδην
1366 1908 1567 1975 ἐλάαν
1611 1907 2029 1992 κακότητος.“
2185 1924 2287 1974 290

360 2009 449 2091 ὧς
493 2015 698 2080 εἰπὼν
744 2015 1032 2098 σύναγεν
1076 1998 1388 2100 νεφέλας,
1435 2012 1701 2100 ἐτάραξε
1748 2010 1821 2079 δὲ
1866 2015 2114 2078 πόντον

271 2117 458 2204 χερσὶ
500 2122 805 2204 τρίαιναν
850 2117 1047 2185 ἑλών·
1109 2121 1323 2197 πάσας
1370 2114 1431 2185 δ’
1482 2119 1818 2205 ὀρόθυνεν
1863 2117 2097 2196 ἀέλλας

270 2227 603 2291 παντοίων
650 2224 941 2310 ἀνέμων,
989 2227 1116 2291 σὺν
1161 2222 1236 2291 δὲ
1279 2225 1589 2310 νεφέεσσι
1631 2225 1927 2302 κάλυψεν

272 2341 469 2413 γαῖαν
514 2329 683 2414 ὁμοῦ
727 2327 838 2395 καὶ
881 2331 1159 2396 πόντον·
1223 2331 1463 2417 ὀρώρει
1510 2324 1571 2396 δ’
1623 2332 2000 2416 οὐρανόθεν
2045 2332 2186 2412 νύξ.

272 2439 400 2502 σὺν
438 2430 499 2501 δ’
527 2431 747 2522 Εὖρός
774 2459 842 2500 τε
871 2439 1093 2514 Νότος
1117 2431 1174 2501 τ’
1210 2439 1448 2502 ἔπεσον
1478 2434 1781 2521 Ζέφυρός
1804 2458 1875 2500 τε
1904 2437 2288 2519 δυσαὴς295

269 2541 379 2608 καὶ
425 2540 676 2628 Βορέης
721 2540 1195 2626 αὐθρηγενέτης
1238 2540 1405 2626 μέγα
1450 2549 1624 2626 κῦμα
1663 2542 2019 2607 κυλίνδων.
2237 2560 2240 2565 ’

268 2648 378 2715 καὶ
421 2643 557 2714 τότ’
605 2642 962 2731 Ὀδυσσῆος
1007 2648 1165 2713 λύτο
1209 2648 1503 2732 γούνατα
1547 2645 1657 2712 καὶ
1701 2649 1904 2731 φίλον
1948 2643 2141 2735 ἦτορ,

269 2756 564 2840 ὀχθήσας
610 2748 671 2820 δ’
723 2754 851 2840 ἄρα
898 2749 1039 2820 εἷπε
1081 2754 1246 2840 πρὸς
1291 2752 1373 2819 ὃν
1418 2755 1831 2839 μεγαλήτορα
1874 2757 2128 2838 θυμόν·
2224 2792 2228 2797 v

270 2863 365 2944 „ffi
411 2885 527 2946 μοι
571 2860 701 2945 ἐγὼ
748 2861 980 2936 δειλός.
1052 2862 1124 2925 τί
1160 2859 1246 2924 νύ
1291 2883 1405 2944 μοι
1452 2861 1732 2944 μήκιστα
1775 2857 2070 2943 γένηται;
2220 2924 2223 2929 .

270 2968 498 3051 δείδω,
543 2968 632 3051 μὴ
680 2967 764 3050 δὴ
807 2966 1024 3031 πάντα
1066 2966 1195 3031 θεὰ
1239 2964 1561 3052 νημερτέα
1607 2961 1818 3048 εἶπεν,
2120 3004 2126 3011 ’
2183 2983 2288 3036 300

269 3073 309 3156 ἥ
355 3068 421 3157 μ’
473 3067 658 3159 ἔφατ’
710 3071 784 3138 ἐν
828 3073 1081 3159 πόντῳ,
1126 3069 1286 3157 πρὶν
1329 3072 1614 3156 πατρίδα
1660 3078 1858 3154 γαῖαν
1905 3071 2208 3158 ἱκέσθαι,

270 3173 445 3261 ἄλγε’
497 3179 927 3262 ἀναπλήσειν·
998 3177 1077 3241 τὰ
1124 3173 1198 3242 δὲ
1243 3178 1327 3261 δὴ
1372 3186 1501 3242 νῦν
1543 3177 1759 3242 πάντα
1802 3181 2122 3246 τελεῖται.1

270 3285 513 3351 οἵοισιν
556 3283 867 3369 νεφέεσσι
910 3282 1288 3368 περιστέφει
1336 3283 1629 3368 οὐρανὸν
1672 3282 1879 3368 εὐρὺν
1923 3346 1928 3350 .
1977 3318 1980 3321 ·

273 3390 466 3472 Ζεύς,
513 3389 781 3474 ἐτάραξε
828 3386 902 3455 δὲ
945 3390 1214 3472 πόντον,
1262 3387 1729 3474 ἐπισπέρχουσι
1776 3383 1836 3453 δ’
1889 3389 2117 3455 ἄελλαι

266 3498 600 3562 παντοίων
646 3494 923 3580 ἀνέμων.
996 3504 1125 3560 νῦν
1170 3518 1282 3580 μοι
1329 3505 1461 3571 σῶς
1506 3496 1701 3571 αἰπὺς
1733 3496 2043 3580 ὄλεθρος.
2153 3498 2288 3565 ’306

1785 3599 1858 3651 6*
