2646 3932
949 175 1366 228 oA‘rzzmAz
1401 177 1519 228 vn.
1997 243 2002 246 .
2149 173 2271 235 111

261 313 405 383 ἀλλ’
457 318 584 401 ἐγὼ
632 319 755 385 οὐκ
801 321 1041 385 ἔθελον
1087 320 1310 395 δείσας
1354 319 1830 402 αἰσχυνόμενός
1873 339 1976 400 τε,
2173 331 2277 381 805

261 426 349 507 μή
394 445 532 501 πως
575 421 686 489 καὶ
730 422 839 490 σοὶ
883 425 1102 509 θυμὸς
1149 423 1615 489 ἐπισκύσσαιτο
1663 425 1903 488 ἰδόντι·

262 529 572 613 δύσζηλοι
614 530 742 615 γάρ
787 524 846 595 τ’
898 527 1080 615 εἰμὲν
1125 527 1231 596 ἐπὶ
1274 526 1478 615 χθονὶ
1523 524 1685 614 φῦλ’
1737 527 2179 613 ἀνθρώπων.“

346 636 466 700 τὸν
510 630 574 700 δ’
626 630 769 700 αὖτ’
816 633 1151 712 Ἀλκίνοος
1196 634 1591 718 ἀπαμείβετο
1638 631 1949 718 φώνησέν
1994 651 2092 697 τε·

260 734 495 823 ,,ξεῖν’,
543 741 626 807 οὔ
669 763 784 825 μοι
828 750 1137 806 τοιοῦτον
1183 738 1283 806 ἐνὶ
1332 742 1652 823 στήθεσσι
1698 742 1901 823 φίλον
1944 746 2071 823 κῆρ

259 846 586 929 μαψιδίως
629 850 1074 931 κεχολῶσθαι·
1121 844 1367 929 ἀμείνω
1417 840 1479 910 δ’
1535 851 1764 928 αἴσιμα
1808 844 2038 908 πάντα.
2175 859 2279 907 810

261 952 334 1015 αἳ
373 952 532 1037 γάρ,
582 956 712 1017 Ζεῦ
757 974 826 1017 τε
872 952 1075 1036 πάτερ
1120 949 1231 1016 καὶ
1271 945 1590 1035 Ἀθηναίη
1636 947 1745 1014 καὶ
1775 948 2135 1031 Ἄπολλον,

259 1067 439 1133 τοῖος
484 1056 644 1140 ἐών,
693 1049 832 1134 οἷός
878 1056 1052 1140 ἐσσι,
1097 1057 1178 1122 τά
1222 1080 1290 1120 τε
1340 1054 1679 1141 φρονέων,
1726 1055 1769 1119 ἄ
1812 1049 1870 1119 τ’
1923 1054 2049 1137 ἐγώ
2096 1076 2248 1139 περ,

260 1162 465 1227 παῖδά
508 1158 568 1226 τ’
620 1162 784 1246 ἐμὴν
830 1161 1057 1248 ἐχέμεν
1099 1160 1210 1228 καὶ
1257 1161 1411 1246 ἐμὸς
1454 1163 1748 1246 γαμβρὸς
1791 1160 2147 1226 καλέεσθαι

261 1262 426 1331 αὖθι
471 1266 716 1352 μένων·
762 1264 950 1334 οἷκον
995 1265 1076 1333 δέ
1114 1262 1172 1331 τ’
1225 1266 1354 1350 ἐγὼ
1402 1265 1511 1332 καὶ
1554 1270 1846 1351 κτήματα
1894 1267 2118 1349 δοίην,

260 1378 328 1436 εἰ
355 1367 416 1436 κ’
459 1370 712 1438 ἐθέλων
747 1396 821 1455 γε
858 1370 1107 1457 μένοις·
1146 1370 1424 1438 ἀέκοντα
1460 1371 1540 1437 δέ
1573 1367 1634 1437 σ’
1677 1372 1760 1437 οὔ
1795 1394 1894 1448 τις
1931 1371 2144 1457 ἐρύξει
2173 1387 2277 1435 815

268 1480 606 1560 Φαιήκων·
651 1479 738 1562 μὴ
783 1488 980 1544 τοῦτο
1027 1483 1231 1564 φίλον
1274 1476 1395 1543 Διὶ
1439 1476 1637 1563 πατρὶ
1681 1476 1959 1561 γένοιτο.

259 1584 527 1666 πομπὴν
572 1578 633 1648 δ’
686 1582 753 1661 ἐς
796 1579 937 1649 τόδ’
989 1583 1116 1668 ἐγὼ
1163 1586 1623 1669 τεκμαίρομαι,
1671 1578 1826 1669 ὄφρ’
1881 1582 1956 1649 ἐὺ
2004 1584 2214 1667 εἰδῇς,

261 1689 498 1774 αὔριον
544 1691 636 1767 ἔς·
681 1698 885 1774 τῆμος
932 1686 1006 1756 δὲ
1053 1693 1138 1755 σὺ
1182 1686 1304 1774 μὲν
1351 1688 1758 1773 δεδμημένος
1801 1689 1988 1777 ὕπνῳ

261 1794 501 1878 λέξεαι,
549 1796 619 1860 οἱ
659 1791 720 1861 δ’
774 1796 1008 1862 ἐλόωσι
1054 1797 1382 1880 γαλήνην,
1429 1793 1584 1879 ὄφρ’
1638 1793 1723 1860 ἂν
1766 1796 1947 1879 ἵκηαι

260 1902 545 1988 πατρίδα
591 1902 718 1985 σὴν
752 1899 862 1966 καὶ
892 1902 1100 1986 δῶμα,
1139 1898 1246 1965 καὶ
1283 1907 1352 1966 εἴ
1380 1901 1511 1966 πού
1547 1924 1650 1965 τοι
1688 1902 1890 1984 φίλον
1927 1900 2127 1985 ἐστίν,
2175 1916 2276 1965 320

262 2014 330 2071 εἴ
365 2028 487 2092 περ
533 2005 643 2072 καὶ
689 2008 863 2091 μάλα
908 2009 1158 2073 πολλὸν
1204 2006 1527 2093 ἑκαστέρω
1575 2003 1706 2072 ἔστ’
1753 2002 2081 2092 Ἐυβοίης,

262 2115 386 2195 τήν
431 2134 553 2196 περ
600 2114 931 2195 τηλοτάτω
978 2109 1139 2197 φάσ’
1192 2116 1495 2197 ἔμμεναι,
1543 2114 1614 2178 οἳ
1652 2138 1768 2203 μιν
1815 2115 2039 2179 ἴδοντο

264 2222 444 2283 λαῶν
487 2217 854 2304 ἡμετέρων,
902 2219 1009 2284 ὅτε
1053 2243 1124 2284 τε
1171 2217 1425 2297 ξανθὸν
1460 2217 1925 2304 Ῥαδάμανθυν

262 2319 430 2407 ἦγον
476 2323 891 2407 ἐποψόμενον
944 2325 1188 2391 Τιτυὸν
1243 2320 1520 2410 Γαιήιον
1563 2326 1732 2391 υίόν.

262 2427 371 2494 καὶ
409 2425 531 2513 μὲν
567 2430 637 2494 οί
668 2424 815 2495 ἔνθ’
856 2424 1074 2513 ἦλθον
1109 2428 1220 2495 καὶ
1256 2431 1410 2516 ἄτερ
1446 2431 1762 2515 καμάτοιο
1798 2430 2114 2496 τέλεσσαν
2172 2448 2274 2497 325

262 2537 459 2620 ἤματι
502 2544 592 2624 τῷ
640 2534 816 2623 αὐτῷ
862 2533 971 2600 καὶ
1019 2535 1367 2619 ἀπήνυσαν
1412 2534 1624 2601 οἴκαδ’
1676 2536 1946 2602 ὀπίσσω.

261 2644 547 2727 εἰδήσεις
593 2637 666 2706 δὲ
710 2639 822 2706 καὶ
870 2642 1068 2719 αὐτὸς
1112 2640 1213 2707 ἐνὶ
1258 2643 1528 2727 φρεσίν,
1576 2642 1781 2707 ὅσσον
1826 2643 2087 2728 ἄρισται

259 2756 413 2832 νῆες
458 2744 608 2833 ἐμαὶ
651 2745 762 2812 καὶ
808 2757 1041 2833 κοῦροι
1089 2748 1513 2833 ἀναρρίπτειν
1558 2748 1685 2813 ἄλα
1728 2749 1984 2836 πηδῷ.“

349 2849 438 2931 ὧς
482 2854 686 2938 φάτο,
732 2856 1032 2938 γήθησεν
1078 2848 1152 2919 δὲ
1196 2854 1525 2931 πολύτλας
1571 2855 1715 2931 δῖος
1754 2848 2104 2932 Ὀδυσσεύς
2113 2891 2144 2938 ,·

262 2959 612 3044 εὐχόμενος
640 2954 701 3024 δ’
735 2960 864 3045 ἄρα
890 2955 1095 3042 εἶπεν,
1123 2961 1278 3036 ἔπος
1303 2956 1362 3023 τ’
1397 2954 1583 3044 ἔφατ’
1617 2962 1690 3025 ἔκ
1707 2954 1765 3024 τ’
1798 2959 2141 3045 ὀνόμαζεν·
2171 2978 2273 3029 330

262 3069 439 3148 ,,Ζεῦ
483 3065 715 3150 πάτερ,
762 3058 931 3147 αὔθ’,
978 3063 1102 3129 ὅσα
1146 3059 1317 3147 εἷπε,
1361 3068 1810 3149 τελευτήσειεν
1854 3066 2109 3133 ἅπαντα

267 3166 623 3248 Ἀλκίνοος·
669 3179 790 3234 τοῦ
835 3168 958 3254 μέν
1002 3193 1119 3235 κεν
1164 3168 1273 3235 ἐπὶ
1320 3172 1633 3256 ζείδωρον
1679 3172 1975 3257 ἄρουραν

260 3277 582 3359 ἄσβεστον
625 3273 813 3352 κλέος
857 3281 990 3359 εἴη,
1038 3274 1166 3358 ἐγὼ
1214 3274 1294 3341 δέ
1333 3298 1406 3341 κε
1451 3273 1716 3362 πατρίδ’
1769 3276 2095 3361 ίκοίμην.“

347 3377 436 3459 ὧς
481 3382 552 3448 οί
591 3377 712 3465 μὲν
755 3389 1026 3446 τοιαῦτα
1070 3381 1233 3465 πρὸς
1280 3381 1606 3465 ἀλλήλους
1653 3381 2008 3466 ἀγόρευον·

256 3486 520 3554 κέκλετο
567 3481 630 3551 δ’
677 3480 909 3573 Ἀρήτη
957 3487 1362 3564 λευκώλενος
1406 3486 1881 3571 ἀμφιπόλοισιν
2165 3503 2269 3553 835
