2646 3932
364 179 450 244 84
1121 184 1541 235 ΟΔΤΣΣΕῘΑΣ
1579 186 1643 237 Ε.

359 322 502 409 τρὶς
547 325 833 410 μάκαρες
877 323 1140 391 Δαναοὶ
1181 323 1293 391 καὶ
1337 327 1662 411 τετράκις,
1710 329 1783 392 οἳ
1818 320 1953 392 τότ’
2004 328 2240 392 ὄλοντο

370 432 576 516 Τροίῃ
622 429 696 495 ἐν
740 430 963 516 εὐρείῃ
1005 431 1202 516 χάριν
1241 425 1606 518 Ἀτρεΐδῃσι
1650 430 1983 517 φέροντες.

359 533 472 600 καὶ
520 536 606 619 δὴ
654 535 782 618 ἐγώ
827 530 891 619 γ’
947 537 1194 620 ὄφελον
1237 535 1514 602 θανέειν
1557 535 1670 602 καὶ
1713 539 1967 621 πότμον
2012 536 2313 602 ἐπισπεῖν

360 641 561 727 ἤματι
604 651 730 730 τῳ,
776 641 884 707 ὅτε
928 665 1042 726 μοι
1086 645 1384 707 πλεῖστοι
1427 645 1756 727 χαλκήρεα
1800 643 2013 728 δοῦρα

369 751 588 832 Τρῶες
635 745 997 833 ἐπέρριψαν
1040 745 1193 832 περὶ
1239 750 1580 832 Πηλεΐωνι
1620 750 1931 814 θανόντι·
2278 766 2384 814 310

359 860 451 941 τῷ
496 849 561 919 κ’
614 856 855 937 ἔλαχον
897 852 1212 938 κτερέων,
1257 856 1376 918 καί
1413 876 1539 938 μευ
1582 852 1772 931 κλέος
1815 849 1983 938 ἦγον
2022 848 2295 938 Ἀχαιοί·

360 968 489 1024 νῦν
536 957 616 1024 δέ
655 982 734 1044 με
780 958 1112 1047 λευγαλέῳ
1156 953 1432 1047 θανάτῳ
1478 960 1747 1045 εἵμαρτο
1793 960 2108 1026 ἆλῶναι.“

450 1059 540 1142 ὥς
585 1065 714 1150 ἄρα
757 1089 873 1149 μιν
918 1058 1166 1131 εἰπόντ’
1218 1068 1454 1130 ἔλασεν
1498 1064 1664 1149 μέγα
1708 1074 1883 1151 κῦμα
1927 1062 2070 1132 κατ’
2123 1068 2326 1152 ἄκρης

362 1173 590 1237 δεινὸν
633 1170 1113 1254 ἐπεσσύμενον,
1156 1169 1308 1255 περὶ
1357 1166 1432 1236 δὲ
1477 1172 1749 1255 σχεδίην
1793 1169 2095 1251 ἐλέλιξεν.

357 1282 513 1361 τῆλε
559 1271 620 1343 δ’
673 1275 802 1342 ἀπὺ
849 1276 1112 1360 σχεδίης
1157 1274 1357 1351 αὐτὸς
1400 1275 1589 1358 πέσε,
1633 1277 1964 1361 πηδάλιον
2009 1274 2084 1343 δὲ
2277 1293 2381 1343 315

360 1382 433 1448 ἐκ
475 1393 718 1468 χειρῶν
761 1379 1071 1467 προέηκε·
1115 1380 1322 1465 μέσον
1368 1380 1448 1447 δέ
1486 1382 1561 1448 οἱ
1601 1383 1788 1449 ἰστὸν
1831 1382 2019 1462 ἔαξεν

361 1488 546 1572 δεινὴ
594 1486 1013 1573 μισγομένων
1058 1485 1321 1572 ἀνέμων
1366 1487 1661 1554 ἐλθοῦσα
1704 1489 1991 1574 θύελλα,

359 1599 565 1679 τηλοῦ
612 1591 686 1660 δὲ
732 1605 1005 1680 σπεῖρον
1049 1592 1160 1660 καὶ
1205 1594 1504 1680 ἐπίκριον
1548 1597 1786 1679 ἔμπεσε
1830 1599 2069 1684 πόντῳ.

357 1701 478 1765 τὸν
514 1693 577 1766 δ’
620 1693 725 1785 ἄρ’
767 1698 1113 1785 ὑπόβρυχα
1138 1704 1307 1783 θῆκε
1335 1703 1551 1765 πολὺν
1576 1702 1844 1784 χρόνον,
1882 1699 2040 1768 οὐδὲ
2070 1702 2379 1786 δυνάσθη

362 1800 526 1884 αἶψα
562 1799 712 1890 μάλ’
766 1802 1155 1889 ἀνσχεθέειν
1189 1805 1482 1888 μεγάλου
1516 1804 1648 1871 ὑπὸ
1682 1807 1971 1891 κύματος
2008 1807 2241 1894 ὁρμῆς·
2276 1825 2379 1873 320

360 1912 591 1996 εἵματα
636 1912 762 1998 γάρ
809 1906 872 1997 ῤ’
924 1910 1235 1996 ἐβάρυνε,
1281 1911 1364 1978 τά
1409 1912 1482 2001 οἱ
1517 1914 1682 1998 πόρε
1730 1913 1843 1979 δῖα
1887 1914 2201 1992 Καλυψώ.

361 2015 484 2096 ὀψὲ
531 2013 604 2083 δὲ
655 2020 739 2102 δή
784 2012 847 2104 ῤ’
899 2017 1135 2102 ἀνέδυ,
1182 2021 1503 2103 στόματος
1547 2015 1607 2085 δ’
1663 2017 2015 2099 ἐξέπτυσεν
2058 2021 2274 2105 ἅλμην

358 2127 630 2209 πικρήν,
676 2124 718 2207 ἦ
764 2123 837 2188 οἱ
873 2123 1084 2206 πολλὴ
1130 2121 1258 2189 ἀπὸ
1302 2127 1541 2209 κρατὸς
1583 2126 1952 2211 κελάρυζεν.

361 2224 505 2295 ἀλλ’
558 2224 703 2296 οὐδ’
757 2224 846 2307 ὧς
891 2231 1154 2314 σχεδίης
1197 2230 1556 2315 ἐπελήθετο
1599 2234 1979 2316 τειρόμενός
2020 2253 2174 2318 περ,

360 2334 529 2400 ἀλλὰ
575 2334 1029 2421 μεθορμηθεὶς
1074 2335 1174 2402 ἐνὶ
1218 2337 1507 2420 κύμασιν
1553 2331 1845 2421 ἐλλάβετ’
1896 2338 2126 2421 αὐτῆς,
2274 2354 2379 2402 325

360 2441 436 2508 ἐν
478 2441 686 2527 μέσσῃ
733 2442 773 2506 δ
776 2438 806 2507 ὲ
850 2444 1079 2520 καθῖζε
1130 2439 1315 2518 τέλος
1358 2443 1661 2508 θανάτου
1707 2442 2038 2509 ἀλεείνων.

359 2548 483 2631 τὴν
529 2542 591 2612 δ’
643 2546 872 2632 ἐφόρει
916 2544 1081 2630 μέγα
1124 2555 1300 2633 κῦμα
1343 2549 1507 2613 κατὰ
1552 2548 1716 2635 ῥόον
1759 2551 1930 2614 ἔνθα
1973 2546 2083 2614 καὶ
2128 2551 2315 2613 ἔνθα.

361 2654 450 2730 ὡς
494 2647 556 2718 δ’
609 2647 704 2718 ὅτ’
757 2651 1083 2736 ὀπωρινὸς
1129 2649 1381 2736 Βορέης
1427 2650 1752 2737 φορέῃσιν
1798 2650 2097 2729 ἀκάνθας

360 2756 452 2842 ἂμ
492 2759 757 2840 πεδίον,
801 2754 1073 2822 πυκιναὶ
1119 2752 1193 2821 δὲ
1236 2757 1403 2842 πρὸς
1447 2756 1809 2842 ἀλλήλῃσιν
1852 2759 2143 2841 ἔχονται,

361 2858 450 2940 ὧς
491 2864 615 2947 τὴν
657 2861 751 2947 ἂμ
794 2861 1076 2945 πέλαγος
1120 2863 1353 2946 ἄνεμοι
1397 2861 1608 2949 φέρον
1655 2866 1824 2929 ἔνθα
1866 2862 1978 2929 καὶ
2023 2866 2219 2930 ἔνθα·
2273 2881 2379 2930 330

361 2970 593 3035 ἄλλοτε
639 2966 761 3054 μέν
804 2990 873 3033 τε
919 2970 1140 3045 Νότος
1185 2966 1400 3054 Βορέῃ
1444 2971 1852 3055 προβάλεσκε
1897 2967 2253 3055 φέρεσθαι,

362 3075 597 3141 ἄλλοτε
643 3068 705 3139 δ’
760 3067 905 3139 αὖτ’
956 3067 1180 3159 Εὖρος
1228 3075 1529 3164 Ζεφύρῳ,
1558 3076 1812 3156 εἴξασκε
1859 3076 2140 3141 διώκειν.

447 3182 567 3245 τὸν
613 3175 687 3245 δὲ
733 3180 877 3246 ίδεν
922 3180 1204 3263 Κάδμου
1248 3180 1552 3264 θυγάτηρ
1606 3183 2058 3266 καλλίσφυρος
2098 3176 2268 3264 Ἰνώ,

360 3284 742 3369 Λευκοθέη,
787 3285 829 3368 ἦ
875 3283 1038 3371 πρὶν
1081 3282 1205 3371 μὲν
1248 3287 1369 3370 ἔην
1411 3286 1649 3371 βροτὸς
1692 3286 2059 3371 αὐδήεσσα,

361 3400 489 3457 νῦν
536 3385 597 3456 δ’
650 3389 807 3468 ἁλὸς
852 3391 926 3457 ἐν
969 3391 1322 3474 πελάγεσσι
1367 3397 1551 3456 θεῶν
1595 3391 1662 3470 ἒξ
1707 3394 1949 3478 ἔμμορε
1992 3401 2199 3478 τιμῆς.
2274 3409 2377 3458 335

361 3496 403 3581 ἥ
448 3491 510 3583 ῤ’
558 3491 818 3581 Ὀδυσῆ’
869 3495 1135 3580 ἐλέησεν
1180 3497 1522 3582 ἀλώμενον
1566 3493 1744 3581 ἄλγε’
1797 3501 2030 3582 ἔχοντα
2040 3547 2060 3582 ,
