2646 3932
322 164 359 227 7
363 165 406 227 2
1074 163 1493 215 ΟΔΤΣΣΕΙΑΣ
1529 165 1593 217 Δ.

321 309 574 390 δείσας,
620 305 862 372 ὁππότε
908 329 1024 389 μιν
1070 306 1301 370 δόλιον
1347 301 1497 388 περὶ
1541 304 1789 369 κύκλον
1834 304 2114 386 ἄγωσιν,

318 416 523 478 τόσσα
567 436 683 497 μιν
728 411 1183 497 ὁρμαίνουσαν
1229 410 1522 494 ἐπήλυθε
1567 410 1863 493 νήδυμος
1906 409 2142 485 ὕπνος·

321 514 474 584 εὗδε
530 516 592 584 δ’
645 517 1151 599 ἀνακλινθεῖσα,
1198 517 1411 582 λύθεν
1457 514 1536 581 δέ
1576 516 1648 582 οἰ
1687 516 1858 592 ἅψεα
1902 516 2131 580 πάντα.

409 622 556 689 ἔνθ’
609 618 756 689 αὖτ’
808 621 951 688 ἄλλ’
1006 621 1239 705 ἐνόησε
1282 622 1445 705 θεά,
1490 627 1868 706 γλαυκῶπις
1907 619 2175 705 Ἀθήνη.
2237 637 2337 685 795

323 731 602 796 εἴδωλον
646 732 911 813 ποίησε,
959 726 1159 812 δέμας
1205 725 1267 792 δ’
1318 728 1506 810 ἤικτο
1550 729 1848 811 γυναικί,

316 835 587 921 Ἰφθίμῃ
633 836 843 922 κούρῃ
889 835 1337 919 μεγαλήτορος
1375 830 1715 917 Ἰκαρίοιο,

322 942 444 1024 τὴν
481 938 803 1025 Ἐύμηλος
848 941 1037 1005 ὄπυιε
1098 943 1316 1024 Φερῇς
1361 941 1461 1004 ἔνι
1508 941 1683 1005 οἰκία
1726 940 1953 1003 ναίων.

321 1046 529 1131 πέμπε
577 1045 656 1112 δέ
697 1070 812 1130 μιν
855 1047 1020 1132 πρὸς
1066 1042 1310 1130 δώματ’
1359 1042 1719 1127 Ὀδυσσῆος
1761 1047 2012 1126 θείοιο,

323 1154 471 1229 εἵως
518 1154 978 1236 Πηνελόπειαν
1023 1148 1442 1235 ὀδυρομένην
1484 1152 1790 1233 γοόωσαν
2234 1165 2338 1213 800

321 1259 594 1324 παύσειε
639 1264 1013 1342 κλαυθμοῖο
1059 1258 1245 1339 γόοιό
1289 1278 1361 1321 τε
1407 1257 1861 1340 δακρυόεντος.

323 1364 389 1440 ἐς
434 1364 743 1447 θάλαμον
789 1360 851 1428 δ’
903 1364 1175 1446 εἰσῆλθε
1220 1363 1397 1445 παρὰ
1440 1363 1711 1445 κληῖδος
1757 1362 2025 1446 ἱμάντα,

323 1478 442 1552 στῆ
491 1467 552 1534 δ’
606 1467 711 1554 ἄρ’
762 1464 932 1553 ὑπὲρ
981 1472 1272 1552 κεφαλῆς
1314 1470 1433 1533 καί
1471 1491 1586 1551 μιν
1630 1469 1796 1553 πρὸς
1833 1473 2060 1551 μῦθον
2097 1468 2338 1531 ἔειπεν·

323 1574 612 1658 ,,εῧδεις,
661 1575 1110 1657 Πηνελόπεια,
1157 1575 1362 1657 φίλον
1406 1572 1750 1657 τετιημένη
1797 1567 1976 1659 ἦτορ.

323 1680 405 1745 οὐ
451 1677 573 1763 μέν
617 1675 679 1743 σ’
733 1674 891 1743 οὐδὲ
938 1678 1094 1744 ἐῶσι
1138 1676 1291 1744 θεοὶ
1339 1679 1483 1764 ῥεῖα
1531 1679 1802 1757 ζώοντες
2236 1694 2338 1742 805

320 1788 577 1852 κλαίειν
623 1782 772 1850 οὐδ’
826 1783 1230 1868 ἀκάχησθαι,
1276 1783 1425 1850 ἐπεί
1463 1782 1524 1870 ῤ’
1577 1787 1673 1849 ἔτι
1717 1786 2028 1868 νόστιμός
2073 1782 2252 1848 ἐστιν

324 1894 438 1970 σὸς
482 1901 661 1969 παῖς·
725 1890 808 1956 οὐ
853 1886 974 1976 μὲν
1017 1891 1146 1974 γάρ
1190 1913 1256 1954 τι
1298 1895 1487 1968 θεοῖς
1534 1889 1921 1975 ἀλιτήμενός
1965 1889 2207 1955 ἐστιν.“

410 2000 533 2082 τὴν
580 1996 641 2062 δ’
694 1994 979 2081 ἠμείβετ’
1033 1999 1254 2062 ἔπειτα
1297 1999 1644 2082 περίφρων
1690 1999 2107 2080 Πηνελόπεια

320 2104 452 2188 ἡδὺ
500 2105 674 2189 μάλα
718 2101 1090 2169 κνώσσουσ’
1143 2102 1217 2169 έν
1263 2102 1621 2189 ὀνειρείῃσι
1665 2103 1981 2187 πύλῃσιν·

324 2214 578 2293 ,,τίπτε,
623 2212 1016 2293 κασιγνήτη,
1063 2206 1245 2293 δεῦρ’
1297 2210 1574 2291 ἤλυθες;
1626 2209 1709 2273 οὔ
1753 2232 1817 2273 τι
1863 2208 2071 2294 πάρος
2116 2230 2189 2290 γε
2236 2224 2340 2272 810

321 2313 549 2398 πωλέ’,
595 2312 735 2380 ἐπεὶ
780 2316 954 2399 μάλα
997 2316 1248 2381 πολλὸν
1295 2313 1633 2399 ἀπόπροθι
1680 2314 1947 2398 δώματα
1992 2315 2216 2390 ναίεις.

322 2424 439 2486 καί
476 2443 555 2504 με
599 2419 816 2486 κέλεαι
861 2421 1248 2486 παύσασθαι
1293 2420 1512 2499 ὀιζύος
1554 2417 1662 2502 ἠδ’
1714 2419 2024 2484 ὀδυνάων

322 2524 651 2609 πολλέων,
698 2527 774 2590 αἵ
812 2522 879 2610 μ’
933 2524 1245 2612 ἐρέθουσι
1290 2526 1455 2590 κατὰ
1490 2523 1706 2609 φρένα
1741 2523 1852 2590 καὶ
1887 2527 2050 2590 κατὰ
2086 2527 2339 2608 θυμόν,

323 2633 363 2715 ἣ
410 2630 571 2717 πρὶν
615 2627 737 2715 μὲν
781 2633 981 2696 πόσιν
1026 2631 1274 2698 ἐσθλὸν
1320 2630 1624 2696 ἀπώλεσα
1668 2629 2118 2715 θυμολέοντα,

322 2740 640 2823 παντοίῃς
686 2737 955 2823 ἀρετῇσι
998 2735 1403 2821 κεκασμένον
1448 2735 1522 2802 ἐν
1566 2740 1943 2802 Δαναοῖσιν
2236 2753 2339 2801 815

328 2842 634 2926 [έσθλόν,
661 2851 783 2907 τοῦ
809 2840 997 2918 κλέος
1025 2842 1188 2927 εὐρὺ
1213 2840 1372 2907 καθ’
1399 2839 1681 2907 Ἑλλάδα
1699 2841 1809 2908 καὶ
1828 2842 2033 2927 μέσον
2044 2841 2309 2928 Ἄργος]
2326 2862 2341 2877 ·

323 2959 452 3015 νῦν
498 2943 584 3014 αὖ
627 2959 787 3025 παῖς
828 2948 1158 3032 ἀγαπητὸς
1202 2951 1317 3032 ἔβη
1366 2950 1592 3032 κοίλης
1637 2947 1743 3014 ἐπὶ
1787 2951 1979 3033 νηός,

323 3058 589 3140 νήπιος,
637 3055 789 3121 οὔτε
833 3057 1061 3120 πόνων
1106 3053 1181 3119 ἐὺ
1225 3055 1419 3131 εἰδὼς
1465 3052 1606 3120 οὔτ’
1660 3055 1985 3138 ἀγοράων.

323 3170 444 3228 τοῦ
491 3162 574 3245 δὴ
621 3159 749 3243 ἐγὼ
796 3157 907 3226 καὶ
952 3164 1205 3244 μᾶλλον
1251 3160 1578 3245 ὀδύρομαι
1621 3160 1664 3243 ἦ
1709 3182 1831 3244 περ
1878 3158 2162 3225 ἐκείνου·

325 3277 445 3333 τοῦ
491 3265 552 3332 δ’
606 3264 1030 3353 ἀμφιτρομέω
1076 3263 1187 3331 καὶ
1234 3267 1478 3349 δείδια,
1525 3267 1615 3351 μή
1660 3289 1724 3331 τι
1770 3267 2099 3352 πάθῃσιν,
2235 3281 2339 3330 820

325 3373 366 3457 ἢ
414 3373 450 3439 ὅ
494 3396 569 3456 γε
612 3383 748 3438 τῶν
792 3370 893 3438 ἐνὶ
940 3373 1155 3460 δήμω,
1202 3370 1292 3436 ἵν’
1345 3378 1619 3456 οἴχεται,
1666 3371 1707 3455 ἢ
1756 3369 1856 3437 ἐνὶ
1901 3374 2151 3461 πόντςο·

324 3477 681 3563 δυσμενέες
724 3480 852 3566 γὰρ
898 3477 1135 3544 πολλοὶ
1182 3476 1282 3543 ἐπ’
1336 3478 1512 3565 αὐτῷ
1559 3480 2048 3562 μηχανόωνται,
