2646 3932
1024 173 1440 226 οΔΤΣΣΕΙΑΣ
1477 175 1570 229 lv,
2235 172 2321 235 53

385 315 503 380 τὸν
550 313 609 380 δ’
663 314 1187 400 ἀπαμειβόμενος
1228 315 1532 401 προσέφη
1580 315 1828 394 ξανθὸς
1877 314 2250 393 Μενέλαος·

297 416 397 503 ,,ὦ
442 418 613 505 φίλ’,
659 418 800 487 ἐπεὶ
842 423 1006 487 τόσα
1050 417 1256 505 εἶπες,
1303 419 1405 487 ὅσ’
1457 420 1543 487 ἂν
1586 419 2002 505 πεπνυμένος
2048 420 2216 507 ἀνὴρ

296 532 471 592 εἴποι
514 524 626 593 καὶ
671 525 907 611 ῥέξειε,
955 524 1066 593 καὶ
1112 526 1185 604 ὃς
1229 525 1743 613 προγενέστερος
1787 533 1920 611 εἴη·
2213 543 2315 592 205

294 634 485 698 τοίου
529 634 655 719 γάρ
700 632 813 699 καὶ
857 636 1133 719 πατρός,
1179 632 1216 699 ὃ
1262 631 1373 698 καὶ
1417 630 1802 718 πεπνυμένα
1845 634 2077 716 βάζεις.

296 738 443 822 ῥεῖα
489 735 551 805 δ’
602 739 967 824 ἀρίγνωτος
1011 741 1211 821 γόνος
1259 737 1524 825 ἀνέρος,
1570 730 1624 827 ᾦ
1667 761 1738 804 τε
1784 741 2096 824 Κρονίων

297 845 501 927 ὄλβον
547 843 874 930 ἐπικλώσῃ
918 842 1240 930 γαμέοντί
1275 868 1346 910 τε
1391 841 1755 933 γεινομένῳ
1801 868 1901 927 τε,

296 949 386 1027 ὡς
428 958 558 1015 νῦν
602 948 897 1036 Νέστορι
944 951 1115 1016 δῶκε
1162 946 1515 1036 διαμπερὲς
1558 950 1774 1034 ἤματα
1820 950 2034 1015 πάντα

298 1055 505 1120 αὐτὸν
551 1053 674 1140 μὲν
718 1061 1011 1141 λιπαρῶς
1055 1054 1467 1142 γηρασκέμεν
1513 1055 1588 1121 ἐν
1631 1057 2050 1143 μεγάροισιν,
2213 1073 2318 1122 210

295 1159 479 1239 υἱέας
525 1156 611 1226 αὖ
655 1163 973 1239 πινυτούς
1019 1186 1088 1228 τε
1132 1160 1243 1227 καὶ
1288 1165 1549 1246 ἔγχεσιν
1598 1157 1769 1227 εἶναι
1814 1161 2140 1254 ἀρίστους.

295 1267 483 1352 ἡμεῖς
528 1265 602 1334 δὲ
647 1269 996 1353 κλαυθμὸν
1041 1265 1165 1353 μὲν
1211 1267 1523 1353 ἐάσομεν,
1568 1267 1643 1346 ὃς
1687 1266 1846 1355 πρὶν
1892 1268 2171 1354 ἐτύχθη,

267 1375 554 1460 ·δόρπου
602 1372 663 1439 δ’
719 1373 975 1453 ἐξαῦτις
1018 1375 1459 1459 μνησώμεθα,
1504 1372 1690 1460 χερσὶ
1736 1372 1798 1441 δ’
1852 1373 1957 1459 ἐφ’
2009 1374 2192 1459 ὕδωρ

295 1480 650 1563 χευάντων.
722 1486 931 1564 μῦθοι
977 1476 1051 1546 δὲ
1095 1478 1205 1546 καὶ
1251 1479 1479 1563 ἠῶθέν
1522 1503 1645 1566 περ
1692 1483 1956 1546 ἔσονται

304 1586 658 1674 Τηλεμάχῳ
705 1584 815 1652 καὶ
860 1583 1005 1671 ἐμοὶ
1052 1585 1430 1671 διαειπέμεν
1476 1585 1926 1670 ἀλλήλοισιν.“
2212 1602 2311 1652 215

385 1686 474 1769 ὥς
518 1690 734 1777 ἔφατ’,
775 1690 1152 1777 Ἀσφαλίων
1191 1690 1252 1758 δ’
1298 1689 1405 1779 ἄρ’
1449 1691 1633 1778 ὕδωρ
1672 1690 1780 1757 ἐπὶ
1814 1703 2035 1778 χεῖρας
2071 1695 2315 1777 ἔχευεν,

296 1798 574 1884 ὀτρηρὸς
616 1799 935 1884 θεράπων
978 1799 1337 1864 Μενελάου
1380 1799 1793 1881 κυδαλίμοιο.

298 1904 368 1970 οἰ
410 1901 472 1971 δ’
525 1901 626 1970 ἐπ’
679 1902 935 1971 ὀνείαθ’
988 1902 1215 1990 ἑτοῖμα
1260 1905 1657 1991 προκείμενα
1701 1914 1925 1989 χεῖρας
1969 1909 2216 1972 ἴαλλον.

386 2008 533 2076 ἔνθ’
586 2006 729 2076 αὖτ’
782 2009 927 2077 ἄλλ’
980 2010 1200 2095 ἐνόησ’
1245 2008 1475 2094 Ἑλένη
1523 2011 1691 2087 Διὸς
1735 2008 2101 2094 ἐκγεγαυῖα.

297 2115 508 2182 αὐτίκ’
560 2115 664 2203 ἄρ’
708 2119 803 2195 είς
840 2113 1029 2183 οἶνον
1064 2118 1223 2200 βάλε
1260 2117 1635 2203 φάρμακον,
1682 2119 1883 2182 ἔνθεν
1919 2120 2171 2202 ἔπινον,
2210 2136 2315 2185 220

296 2221 626 2308 νηπενθές
670 2221 726 2288 τ’
779 2224 1023 2308 ἄχολόν
1066 2246 1167 2305 τε,
1213 2234 1437 2288 κακῶν
1482 2221 1808 2307 ἐπίληθον
1852 2222 2181 2290 ἁπάντων.

297 2328 372 2408 ὃς
414 2330 489 2395 τὸ
533 2329 1024 2415 καταβρόξειεν,
1072 2327 1238 2412 ἐπὴν
1282 2336 1559 2415 κρητῆρι
1605 2332 1855 2413 μιγείη,

299 2436 382 2501 οὔ
425 2459 541 2501 κεν
586 2434 941 2520 ἐφημέριός
986 2458 1061 2518 γε
1104 2435 1301 2519 βάλοι
1347 2435 1511 2500 κατὰ
1558 2435 1769 2518 δάκρυ
1814 2448 2135 2523 παρειῶν,

298 2539 446 2607 οὐδ’
497 2547 565 2608 εἴ
601 2542 673 2606 οἱ
711 2542 1153 2625 κατατεθναίη
1201 2544 1413 2627 μήτηρ
1457 2564 1527 2606 τε
1572 2545 1785 2629 πατήρ
1831 2566 1932 2626 τε,

299 2645 445 2713 οὐδ’
497 2653 564 2712 εἴ
601 2648 673 2713 ol*
710 2648 1169 2734 προπάροιθεν
1216 2648 1543 2732 ἀδελφεὸν
1586 2646 1629 2732 ἢ
1674 2650 1878 2732 φίλον
1923 2649 2076 2716 υἱὸν
2210 2667 2314 2716 225

297 2758 515 2843 χαλκῷ
562 2755 873 2842 δηιόῳεν,
921 2752 957 2819 ὁ
1005 2751 1067 2819 δ’
1120 2752 1578 2839 ὀφθαλμοῖσιν
1620 2753 1853 2842 ὁρῷτο.

298 2870 444 2925 τοῖα
488 2859 656 2936 Διὸς
698 2860 1003 2946 θυγάτηρ
1050 2861 1154 2944 ἔχε
1201 2860 1514 2946 φάρμακα
1560 2862 1909 2945 μητιόεντα

301 2965 541 3048 ἐσθλά,
587 2965 667 3031 τά
713 2966 784 3030 οἱ
826 2966 1236 3050 Πολύδαμνα
1281 2968 1488 3051 πόρεν
1535 2970 1764 3044 Θῶνος
1806 2967 2190 3053 παράκοιτις

299 3074 662 3156 Αἰγυπτίη,
708 3080 788 3157 τῇ
832 3076 1105 3137 πλεῖστα
1149 3070 1338 3158 φέρει
1388 3074 1693 3159 ζείδωρος
1738 3074 1993 3159 ἄρουρα

300 3179 634 3263 φάρμακα,
654 3179 864 3244 πολλὰ
884 3174 1007 3262 μὲν
1026 3177 1235 3243 έσθλά
1254 3176 1617 3262 μεμιγμένα
1634 3180 1847 3244 πολλὰ
1867 3177 1941 3245 δὲ
1961 3181 2198 3267 λυγρά·
2211 3198 2313 3247 230

301 3286 523 3371 ἰητρὸς
569 3279 642 3349 δὲ
687 3283 956 3361 ἕκαστος
1001 3282 1429 3369 ἐπιστάμενος
1472 3281 1621 3370 περὶ
1667 3285 1934 3351 πάντων

301 3390 706 3476 ἀνθρώπων·
751 3385 792 3474 ἦ
837 3391 963 3476 γὰρ
1011 3392 1350 3475 Παιήονός
1394 3391 1522 3456 εἰσι
1565 3387 1905 3474 γενέθλης.

301 3496 509 3580 αὐτὰρ
556 3494 701 3562 έπεί
739 3495 801 3580 ῤ’
853 3494 1075 3581 ἐνέηκε
1121 3494 1395 3563 κέλευσέ
1432 3518 1501 3560 τε
1548 3496 1959 3579 οἰνοχοῆσαι,
