2646 3932
396 216 483 279 46
1149 216 1567 268 ΟΔΤΣΣΕΙΑΣ
1604 218 1663 267 Δ.

396 359 565 425 ἔνθα
611 354 684 425 δὲ
727 355 911 423 νύκτ’
966 359 1191 441 ἄεσαν,
1238 358 1275 424 ὁ
1322 354 1398 424 δὲ
1441 367 1583 435 τοῖς
1625 357 1757 442 πὰρ
1795 357 2002 437 ξείνια
2037 362 2267 441 θῆκεν.
2315 374 2424 423 490

420 493 423 498 -
483 458 650 547 ἦμος
695 461 757 529 δ’
810 463 1143 549 ἠριγένεια
1188 464 1371 549 φάνη
1420 463 1908 550 ῥοδοδάκτυλος
1949 460 2154 546 Ἠώς,

397 569 640 646 ἵππους
682 593 751 635 τε
801 568 1138 653 ζεύγνυντ’
1191 568 1320 636 ἀνά
1365 566 1437 634 θ’
1490 569 1746 653 ἅρματα
1789 566 2034 635 ποικίλ’
2085 571 2386 653 ἔβαινον·

400 674 499 757 [ἐκ
545 673 606 741 δ’
659 678 904 741 ἔλασαν
948 676 1323 762 προθύροιο
1368 674 1480 741 καὶ
1526 675 1851 759 αἰθούσης
1897 674 2302 761 ἐριδούπου]

397 780 707 866 μάστιξεν
753 779 816 847 δ’
869 780 1099 865 ἐλάαν,
1145 782 1236 847 τὼ
1282 779 1345 847 δ’
1399 781 1522 847 οὐκ
1569 779 1836 871 ἀέκοντε
1880 780 2231 867 πετέσθην.

398 879 542 965 ἷξον
590 885 652 953 δ’
704 887 771 965 ές
815 889 1048 954 πεδίον
1092 890 1522 973 πυρηφόρον,
1570 889 1740 952 ἔνθα
1785 884 1848 952 δ’
1900 890 2122 953 ἔπειτα
2317 906 2423 955 495

398 988 565 1075 ἦνον
611 993 799 1058 ὁδόν·
844 1003 1031 1059 τοῖον
1074 994 1203 1077 γὰρ
1248 993 1627 1080 ὑπέκφερον
1672 992 1868 1070 ὠκέες
1911 994 2118 1060 ἵπποι.

397 1098 636 1164 δύσετό
681 1096 741 1164 τ’
793 1097 1011 1182 ἠέλιος
1056 1102 1378 1165 σκιόωντό
1425 1123 1493 1166 τε
1539 1109 1743 1165 πᾶσαι
1789 1098 2046 1183 ἀγυιαί,

996 1513 1674 1590 ΟΔΤΣΣΕΙΑΣ
1728 1517 1815 1590 Δ.

954 1775 1066 1849 Τὰ
1121 1783 1209 1851 ἐν
1264 1784 1893 1872 Λακεδαίμονι.

401 1945 474 2011 οἱ
513 1941 575 2010 δ’
629 1935 773 2026 ἷξον
818 1948 1051 2031 κοίλην
1095 1948 1562 2032 Λακεδαίμονα
1606 1947 2001 2033 κητώεσσαν.

400 2052 566 2137 πρὸς
611 2050 672 2116 δ’
728 2053 855 2138 ἄρα
900 2050 1146 2137 δώματ’
1199 2057 1371 2119 ἔλων
1415 2055 1772 2121 Μενελάου
1816 2055 2237 2137 κυδαλίμοιο·

398 2158 518 2223 τὸν
563 2154 623 2222 δ’
676 2152 878 2239 εὖρον
925 2157 1245 2222 δαινύντα
1288 2159 1505 2242 γάμον
1549 2162 1897 2224 πολλοῖσιν
1942 2161 2167 2243 ἔτῃσιν

399 2262 579 2340 υἱέος
623 2259 742 2347 ἠδὲ
786 2264 1124 2347 θυγατρὸς
1171 2263 1508 2347 ἀμύμονος
1554 2255 1606 2353 ᾧ
1653 2261 1755 2330 ἐνὶ
1802 2270 1979 2352 οἴκῳ.

397 2370 522 2452 τὴν
567 2364 689 2452 μὲν
729 2367 1064 2453 Ἀχιλλῆος
1110 2369 1474 2453 ῥηξήνορος
1517 2369 1650 2436 υίέι
1692 2369 1971 2454 πέμπεν·
2392 2389 2423 2436 6

398 2475 474 2542 έν
531 2477 735 2561 Τροίῃ
782 2476 908 2560 γὰρ
955 2486 1220 2559 πρῶτον
1266 2474 1583 2560 ὑπέσχετο
1630 2474 1740 2541 καὶ
1785 2474 2178 2542 κατένευσεν

399 2579 801 2664 δωσέμεναι,
848 2592 1061 2647 τοῖσιν
1109 2578 1181 2647 δὲ
1228 2579 1381 2647 θεοὶ
1427 2583 1641 2666 γάμον
1688 2579 2057 2660 ἐξετέλειον.

397 2687 523 2770 τὴν
568 2684 673 2772 ἄρ’
727 2686 764 2752 ὅ
812 2684 876 2770 γ’
927 2685 1073 2753 ἔνθ’
1136 2689 1395 2753 ἵπποισι
1449 2686 1559 2752 καὶ
1603 2688 1849 2771 ἅρμασι
1893 2686 2102 2772 πέμπε
2149 2688 2422 2754 νέεσθαι

403 2794 867 2878 Μυρμιδόνων
911 2791 1106 2879 προτὶ
1153 2795 1319 2858 ἄστυ
1364 2795 1788 2877 περικλυτόν,
1835 2784 2014 2858 οἶσιν
2059 2795 2363 2859 ἄνασσεν.

396 2898 530 2965 υἱέι
579 2895 652 2963 δὲ
697 2900 1102 2983 Σπάρτηθεν
1141 2895 1520 2984 Ἀλέκτορος
1565 2899 1758 2981 ἤγετο
1803 2900 2086 2984 κούρην,
2359 2917 2422 2966 10

399 3004 476 3081 ὃς
522 3005 593 3069 oc
631 3005 984 3088 τηλύγετος
1027 3002 1254 3087 γένετο
1300 3006 1617 3090 κρατερὸς
1660 3004 2113 3090 Μεγαπένθης
2473 2994 2481 3005 ’

400 3110 475 3176 έκ
523 3110 794 3195 δούλης·
830 3108 1059 3196 Ἑλένῃ
1108 3106 1180 3175 δὲ
1225 3108 1379 3175 θεοὶ
1423 3113 1630 3194 γόνον
1676 3108 1891 3177 οὐκέτ’
1944 3114 2256 3196 ἔφαινον,

404 3214 543 3281 ἐπεὶ
591 3215 673 3299 δὴ
720 3217 794 3282 τὸ
839 3228 1104 3301 πρῶτον
1151 3215 1448 3299 ἐγείνατο
1493 3213 1676 3282 παῖδ’
1730 3216 2102 3302 ἐρατεινήν,

389 3320 778 3408 Ἑρμιόνην,
825 3322 866 3407 ἣ
913 3318 1090 3400 εἶδος
1135 3325 1239 3408 ἔχε
1284 3320 1566 3408 χρυσέης
1604 3319 2015 3408 Ἀφροδίτης.

492 3423 582 3506 ὥς
628 3429 698 3494 oc
736 3425 858 3515 μὲν
903 3429 1220 3495 δαίνυντο
1265 3427 1423 3495 καθ’
1475 3424 1805 3514 ὑψερεφὲς
1850 3427 2015 3513 μέγα
2054 3431 2239 3514 δῶμα
2361 3445 2423 3496 16

403 3538 723 3619 [γείτονες
766 3531 885 3621 ἠδὲ
931 3538 1069 3601 ἔται
1115 3537 1473 3602 Μενελάου
1517 3535 1909 3620 κυδαλίμοιο
