2646 3932
395 211 436 274 2
1174 213 1589 265 οΔΤΣΣΕΙΑΣ
1639 215 1697 264 A.

394 357 598 439 νόσφι
646 356 1138 431 Ποσειδάωνος·
1187 354 1222 420 ὁ
1270 353 1332 420 δ’
1386 352 1701 440 ἀσπερχὲς
1746 346 2090 439 μενέαινεν
2346 374 2414 422 20

395 459 680 549 ἀντιθέῳ
722 459 987 544 Ὀδυσῆι
1032 462 1239 545 πάρος
1283 461 1369 545 ἣν
1413 473 1613 545 γαῖαν
1660 460 1938 527 ἱκέσθαι.

483 565 629 632 ἀλλ’
684 567 719 632 ὁ
766 564 889 651 μὲν
935 569 1272 643 Αἰθίοπας
1317 572 1664 652 μετεκίαθε
1708 566 1943 651 τηλόθ’
1995 567 2251 653 ἐόντας,

394 675 732 749 Αἰθίοπας
775 670 879 738 τοὶ
927 674 1129 757 διχθὰ
1176 674 1547 758 δεδαίαται,
1595 677 1856 759 ἔσχατοι
1903 674 2198 760 ἀνδρῶν,

391 778 464 843 oc
502 774 624 862 μὲν
672 779 1046 862 δυσομένου
1083 776 1460 863 Ὑπερίονος
1506 782 1577 846 oc
1618 779 1679 846 δ’
1732 781 2065 864 ἀνιόντος,

393 884 676 949 ἀντιόων
721 886 986 969 ταύρων
1028 909 1098 951 τε
1145 885 1256 952 καὶ
1301 886 1586 972 ἀρνειῶν
1631 887 2008 971 ἑκατόμβης.
2343 906 2411 953 25

392 988 538 1055 ἔνθ’
593 990 629 1055 ὅ
674 987 738 1073 γ’
791 990 1090 1077 ἐτέρπετο
1140 990 1315 1057 δαιτὶ
1360 995 1761 1078 παρήμενος·
1807 993 1878 1059 οί
1920 990 1992 1059 δὲ
2040 994 2121 1078 δὴ
2170 995 2359 1060 ἄλλοι

396 1097 610 1180 Ζηνὸς
656 1095 756 1162 ένὶ
802 1098 1189 1183 μεγάροισιν
1230 1096 1589 1182 Ὀλυμπίου
1634 1098 1876 1184 ἁθρόοι
1922 1095 2109 1181 ἦσαν.

392 1213 565 1267 τοῖσι
613 1199 686 1268 δὲ
733 1203 971 1287 μύθων
1016 1200 1172 1289 ἦρχε
1217 1206 1431 1289 πατὴρ
1478 1205 1745 1289 ἀνδρῶν
1787 1228 1857 1270 τε
1902 1211 2086 1271 θεῶν
2129 1226 2229 1272 τε·

392 1313 687 1394 μνήσατο
736 1310 860 1394 γὰρ
907 1312 1070 1376 κατὰ
1114 1313 1342 1396 θυμὸν
1390 1312 1726 1396 ἀμύμονος
1772 1314 2131 1394 Αἰγίσθοιο
2152 1361 2171 1396 ,

391 1419 508 1480 τόν
555 1413 618 1500 ῥ’
665 1414 1220 1500 Ἀγαμεμνονιοης
1265 1420 1657 1501 τηλεκλυτὸς
1694 1415 1909 1483 ἔκταν’
1954 1415 2281 1503 Ὀρέστης·
2341 1438 2410 1485 30

395 1532 510 1587 τοῦ
559 1522 594 1586 ὅ
641 1520 702 1604 γ’
756 1520 1184 1606 ἐπιμνησθεὶς
1230 1521 1364 1589 ἔπε’
1418 1523 1815 1590 ἀθανάτοισι
1860 1526 2178 1609 μετηύδα·

393 1628 489 1710 ,,ὢ
536 1631 770 1710 πόποι,
818 1620 966 1693 οἷον
1013 1631 1110 1713 δή,
1141 1654 1227 1695 νυ
1273 1633 1479 1707 θεοὺς
1525 1628 1754 1717 βροτοὶ
1801 1633 2205 1696 αἰτιόωνται·

392 1733 457 1813 ἐξ
501 1733 723 1818 ἡμέων
767 1735 893 1819 γάρ
942 1751 1107 1819 φασι
1152 1733 1298 1800 κάκ’
1352 1739 1653 1821 ἔμμεναι,
1702 1736 1772 1801 oc
1815 1733 1886 1801 δὲ
1930 1735 2042 1802 καὶ
2088 1736 2278 1803 αὐτοὶ

392 1849 642 1924 σφῇσιν
687 1840 1170 1925 ἀτασθαλίῃσιν
1216 1839 1382 1927 ὑπὲρ
1430 1845 1641 1927 μόρον
1689 1840 1869 1924 ἄλγε’
1925 1845 2222 1927 ἔχουσιν,

392 1946 480 2023 ὡς
524 1943 634 2011 καὶ
678 1954 805 2011 νῦν
851 1951 1182 2028 Αἴγισθος
1225 1944 1392 2032 υπὲρ
1440 1950 1649 2033 μόρον
1691 1946 2026 2033 Ἀτρεΐδαο
2341 1968 2408 2016 35

390 2049 541 2135 γῆμ’
596 2054 839 2137 ἄλοχον
885 2056 1211 2136 μνηστήν,
1257 2055 1376 2119 τὸν
1423 2053 1485 2119 δ’
1538 2058 1764 2120 ἔκτανε
1810 2057 2255 2138 νοστήσαντα,

391 2159 582 2235 εἰδὼς
628 2160 830 2224 αἰπὺν
877 2161 1196 2244 ὄλεθρον,
1244 2158 1383 2224 ἐπεὶ
1430 2162 1558 2245 πρό
1605 2161 1677 2227 oc
1717 2167 1987 2245 εἴπομεν
2032 2159 2247 2244 ἡμεῖς,

380 2260 686 2349 Ἑρμείαν
730 2264 1100 2350 πέμψαντες
1151 2265 1479 2331 ἐύσκοπον
1527 2266 2001 2350 ἀργεϊφόντην,

389 2367 535 2453 μήτ’
588 2370 794 2435 αὐτὸν
839 2374 1119 2437 κτείνειν
1166 2374 1323 2455 μήτε
1370 2372 1710 2455 μνάασθαι
1756 2372 2037 2437 ἄκοιτιν·

390 2475 461 2540 ἐκ
504 2478 630 2561 γὰρ
673 2475 978 2561 Ὀρέσταο
1025 2480 1193 2553 τίσις
1237 2480 1497 2541 ἔσσεται
1536 2474 1905 2562 Ἀτρεΐδαο,
2341 2496 2411 2544 4ο

390 2581 618 2647 ὁππότ’
673 2581 757 2647 ἂν
801 2581 1018 2667 ἡβήσῃ
1064 2605 1132 2647 τε
1179 2580 1289 2647 καὶ
1334 2578 1411 2665 ἧς
1459 2584 1772 2667 ἱμείρεται
1820 2591 1982 2667 αἴης.

390 2683 476 2764 ὧς
524 2687 725 2773 ἔφαθ’
772 2687 1099 2773 Ἑρμείας,
1148 2686 1290 2752 ἀλλ’
1345 2689 1427 2753 οὐ
1474 2688 1723 2774 φρένας
1769 2693 2130 2772 Αἰγίσθοιο

387 2792 566 2858 πεῖθ’
621 2795 842 2878 ἀγαθὰ
888 2793 1222 2880 φρονέων·
1268 2803 1397 2858 νῦν
1442 2792 1505 2859 δ’
1550 2793 1769 2879 ἁθρόα
1804 2794 1994 2861 πάντ’
2040 2795 2409 2861 ἀπέτισεν.“

476 2901 595 2964 τὸν
642 2898 704 2965 δ’
757 2897 1043 2985 ἠμείβετ’
1097 2902 1317 2963 ἔπειτα
1363 2900 1522 2981 θεά,
1568 2904 1947 2982 γλαυκῶπις
1984 2899 2264 2986 Ἀθήνη·

389 3000 486 3086 ,,ὦ
533 3007 734 3089 πάτερ
779 3004 1050 3089 ἡμέτερε
1097 3005 1434 3089 Κρονίδη,
1487 3004 1685 3070 ὕπατε
1730 3008 2120 3090 κρειόντων,
2339 3024 2411 3074 45

387 3107 498 3174 καὶ
544 3113 695 3193 λίην
741 3114 956 3187 κεῖνός
1002 3133 1077 3192 γε
1124 3109 1367 3174 ἐοικότι
1411 3121 1621 3176 κεῖται
1666 3110 1957 3200 ὀλέθρῳ,

389 3214 477 3291 ὡς
523 3214 835 3283 ἀπόλοιτο
881 3215 991 3282 καὶ
1038 3217 1263 3298 ἄλλος,
1311 3215 1448 3293 ὅτις
1492 3218 1767 3282 τοιαῦτά
1810 3241 1886 3300 γε
1932 3217 2136 3303 ῥέζοι·

390 3320 556 3386 ἀλλά
599 3344 713 3405 μοι
760 3320 924 3407 ἀμφ’
972 3319 1240 3404 Ὀδυσῆι
1287 3321 1606 3407 δαΐφρονι
1654 3323 1905 3388 δαίεται
1949 3319 2142 3410 ἦτορ,

389 3428 733 3516 δυσμόρῳ,
780 3426 854 3505 ὃς
898 3428 981 3512 δὴ
1031 3427 1209 3510 δηθὰ
1253 3429 1471 3511 φίλων
1518 3428 1646 3492 α’πο
1692 3430 1953 3511 πήματα
1998 3429 2233 3515 πάσχει

390 3536 571 3622 νήσῳ
618 3533 692 3600 έν
738 3533 1106 3622 ἀμφιρύτῃ,
1152 3534 1269 3599 ὅθι
1304 3530 1364 3597 τ’
1406 3532 1705 3617 ὀμφαλός
1741 3532 1878 3598 ἐστι
1913 3535 2273 3620 θαλάσσης.
2337 3554 2408 3601 50
