2646 3932
395 209 479 273 78
1155 210 1571 262 οΔΤΣΣΕΙΑΣ
1607 212 1669 262 Ε.

392 352 763 438 ἀμφαδίην,
809 353 896 436 ῆν
938 355 1039 429 τίς
1080 376 1152 419 τε
1197 354 1401 437 φίλον
1444 349 1736 434 ποιήσετ’
1790 352 2077 435 ἀκοίτην.
2315 369 2414 417 120

391 453 480 535 ὧς
524 453 647 542 μὲν
691 455 787 522 ὅτ’
834 454 1096 543 Ὠρίων’
1150 456 1333 523 ἕλετο
1381 458 1872 543 ῥοδοδάκτυλος
1910 455 2112 541 Ἠώς,

390 565 610 649 τόφρα
656 563 727 628 oc
764 563 1066 646 ἠγάασθε
1110 561 1264 629 θεοὶ
1309 564 1456 649 ῥεῖα
1503 564 1805 646 ζώοντες,

391 667 514 745 ἕως
559 692 673 752 μιν
719 668 792 733 ἐν
831 667 1135 755 Ὀρτυγίῃ
1178 672 1644 755 χρυσόθρονος
1672 668 1974 755 ’Ἀρτεμις
2020 668 2188 753 ἁγνὴ

390 766 490 851 οἷς
537 774 811 857 ἀγανοῖς
853 774 1192 858 βελέεσσιν
1238 773 1629 860 ἐποιχομένη
1674 774 2099 859 κατέπεφνεν.

391 875 479 957 ὧς
525 878 588 945 δ’
641 877 824 945 ὁπότ’
871 879 1158 946 Ἰασίωνι
1204 881 1615 965 ἐυπλόκαμος
1658 885 1980 968 Δημήτηρ
2308 900 2409 947 125

389 977 442 1073 ᾧ
486 992 685 1075 θυμῷ
733 985 960 1065 εἴξασα
1014 990 1172 1072 μίγη
1220 989 1525 1072 φιλότητι
1569 985 1681 1052 καὶ
1726 987 1888 1073 εὐνῇ

389 1101 544 1180 νειῷ
593 1094 694 1157 ἔνι
737 1095 1056 1181 τριπόλῳ·
1103 1089 1262 1158 οὐδὲ
1309 1093 1437 1176 δὴν
1482 1088 1601 1175 ἦεν
1647 1094 1934 1170 ἄπυστος

392 1198 587 1281 Ζεύς,
633 1198 706 1275 ὅς
750 1223 865 1283 μιν
909 1198 1273 1284 κατέπεφνε
1317 1199 1544 1282 βαλὼν
1590 1198 1825 1284 ἀργῆτι
1868 1209 2186 1288 κεραυνῷ.

390 1297 479 1379 ὧς
518 1302 579 1368 δ’
625 1298 710 1368 αὖ
745 1314 875 1370 νῦν
912 1302 1024 1389 μοι
1056 1304 1335 1388 ἀγᾶσθε,
1360 1307 1535 1387 θεοί,
1572 1305 1816 1389 βροτὸν
1844 1306 2055 1389 ἄνδρα
2083 1317 2407 1392 παρεῖναι.

387 1410 506 1473 τὸν
550 1404 672 1493 μὲν
717 1409 888 1491 ἐγὼν
935 1410 1194 1476 ἐσάωσα
1239 1407 1391 1496 περὶ
1434 1412 1705 1494 τρόπιος
1749 1413 2048 1493 βεβαῶτα
2308 1430 2409 1476 130

389 1508 565 1597 οἷον,
612 1513 758 1579 ἐπεί
796 1515 868 1580 οί
905 1523 1033 1599 νῆα
1077 1517 1256 1599 θοὴν
1303 1514 1539 1600 ἀργῆτι
1582 1525 1885 1604 κεραυνῷ

391 1622 558 1696 Ζεὺς
603 1622 796 1698 ἔλσας
840 1620 1108 1688 ἐκέασσε
1155 1621 1333 1710 μέσῳ
1381 1620 1482 1686 ἐνὶ
1527 1628 1750 1687 οἴνοπι
1796 1625 2033 1711 πόντςο.

390 1724 562 1807 [ἔνθ’
615 1727 805 1791 ἄλλοι
850 1722 972 1810 μὲν
1017 1728 1258 1803 πάντες
1304 1725 1691 1810 ἀπέφθιθεν
1737 1727 1973 1794 ἐσθλοὶ
2018 1727 2297 1815 ἑταῖροι,

385 1834 504 1897 τὸν
542 1829 603 1897 δ’
647 1833 775 1918 ἄρα
803 1830 985 1917 δεῦρ’
1031 1834 1270 1917 ἄνεμός
1305 1855 1375 1898 τε
1413 1831 1641 1919 φέρων
1675 1832 1787 1898 καὶ
1822 1844 1996 1919 κῦμα
2031 1834 2405 1917 πέλασσεν.]

385 1939 503 2003 τὸν
548 1933 669 2022 μὲν
715 1936 840 2021 ἐγὼ
888 1940 1124 2023 φίλεόν
1168 1960 1239 2004 τε
1283 1936 1396 2004 καὶ
1442 1940 1755 2026 ἔτρεφον,
1802 1936 1921 2024 ἠδὲ
1967 1943 2262 2025 ἔφασκον
2308 1958 2408 2007 135

385 2047 625 2128 θήσειν
671 2045 1012 2110 ἀθάνατον
1056 2042 1167 2108 καὶ
1213 2043 1510 2129 ἀγήραον
1554 2046 1769 2129 ἤματα
1812 2047 2045 2112 πάντα.

388 2148 530 2215 ἀλλ’
584 2149 723 2215 ἐπεὶ
769 2151 852 2215 οὔ
896 2171 1034 2226 πως
1079 2152 1217 2214 ἔστι
1261 2151 1431 2227 Διὸς
1476 2153 1639 2216 νόον
1685 2153 2007 2236 αἰγιόχοιο

387 2257 538 2321 οὔτε
581 2254 1012 2343 παρεξελθεῖν
1057 2257 1263 2322 ἄλλον
1306 2257 1476 2321 θεὸν
1522 2254 1678 2321 οὔθ’
1732 2256 2011 2324 ἁλιῶσαι
2022 2307 2042 2342 ,

387 2360 656 2446 ἐρρέτω,
703 2369 771 2428 εἴ
806 2386 923 2447 μιν
967 2372 1186 2438 κεῖνος
1231 2361 1580 2448 ἐποτρύνει
1623 2361 1734 2428 καὶ
1780 2362 2052 2448 ἀνώγει,

385 2470 632 2533 πόντον
668 2466 766 2533 ἐπ’
811 2469 1198 2553 ἀτρύγετον·
1234 2466 1468 2552 πέμψω
1507 2466 1587 2533 δέ
1618 2492 1734 2552 μιν
1771 2470 1854 2535 οὔ
1880 2491 1971 2555 πῃ
2001 2470 2130 2553 ἐγώ
2159 2492 2262 2554 γε·
2306 2488 2406 2538 140

387 2573 469 2639 οὐ
513 2574 639 2660 γάρ
685 2598 799 2659 μοι
842 2576 1020 2661 πάρα
1065 2583 1220 2658 νῆες
1265 2573 1615 2659 ἐπήρετμοι
1658 2573 1770 2639 καὶ
1816 2573 2094 2660 ἑταῖροι,

386 2680 458 2745 οἵ
495 2678 612 2745 κέν
655 2704 771 2764 μιν
814 2679 1133 2765 πέμποιεν
1178 2677 1278 2745 ἐπ’
1332 2678 1528 2766 εὐρέα
1572 2691 1751 2745 νῶτα
1794 2681 2155 2766 θαλάσσης.

385 2786 593 2873 αὐτάρ
642 2786 713 2851 oc
751 2789 1075 2871 πρόφρων
1118 2785 1578 2870 ὑποθήσομαι,
1626 2784 1773 2851 οὐδ’
1828 2786 2182 2871 ἐπικεύσω,

388 2894 477 2969 ὥς
521 2915 595 2958 κε
641 2889 793 2976 μάλ’
847 2891 1146 2976 ἀσκηθὴς
1188 2892 1276 2974 ἣν
1317 2893 1605 2977 πατρίδα
1650 2902 1847 2974 γαῖαν
1891 2894 2171 2977 ἵκηται.“

471 2998 595 3081 τὴν
641 2995 703 3062 δ’
757 2992 911 3062 αὖτε
957 2996 1305 3084 προσέειπε
1352 2998 1698 3081 διάκτορος
1744 2998 2209 3084 ἀργεϊφόντης·
2305 3017 2404 3076 145

385 3104 603 3188 ,ρῦτω
648 3112 777 3168 νῦν
823 3103 1191 3187 ἀπόπεμπε,
1236 3105 1404 3180 Διὸς
1450 3100 1513 3168 δ’
1566 3103 1864 3182 ἐποπίζεο
1909 3113 2139 3189 μῆνιν,

385 3214 473 3296 μή
518 3210 656 3286 πως
698 3233 803 3275 τοι
847 3211 1206 3293 μετόπισθε
1251 3209 1731 3293 κοτεσσάμενος
1774 3212 2174 3296 χαλεπήνῃ.“

474 3311 562 3393 ὧς
608 3316 735 3401 ἄρα
782 3317 1096 3399 φωνήσας
1143 3312 1352 3398 ἀπέβη
1400 3317 1644 3400 κρατὺς
1690 3314 2155 3401 ἀργεϊφόντης·

382 3423 424 3507 ἡ
471 3420 533 3488 δ’
586 3418 685 3487 ἐπ’
732 3419 1060 3504 Ὀδυσσῆα
1104 3424 1516 3504 μεγαλήτορα
1560 3423 1797 3485 πότνια
1841 3423 2071 3507 νύμφη
2289 3508 2294 3515 ᾖ

383 3527 502 3612 ἤι’,
548 3527 688 3594 ἐπεὶ
734 3528 817 3611 δὴ
866 3528 1081 3611 Ζηνὸς
1126 3524 1440 3591 ἐπέκλυεν
1486 3525 1869 3609 ἀγγελιάων.
2065 3596 2093 3601 4,
2300 3543 2401 3593 150
