2646 3932
979 184 1393 236 οΔΤΣΣΕῙΑΣ
1428 186 1521 239 IV.
2185 184 2273 249 49

253 322 580 389 ἀθάνατοι
626 325 751 410 γὰρ
799 334 920 390 τοῦ
964 349 1040 409 γε
1086 327 1282 412 δόμοι
1327 326 1440 393 καὶ
1482 325 1752 412 κτήματ’
1804 330 2018 394 ἔασιν·

254 428 521 514 ἀνδρῶν
567 427 629 495 δ’
680 430 723 513 ἢ
767 429 885 496 κέν
927 433 1027 509 τίς
1070 432 1559 518 μοι,έρίσσεται
1601 429 1678 516 ἠὲ
1721 432 1833 499 καὶ
1877 430 2028 499 οὐκὶ
2207 449 2276 498 80

253 537 592 619 κτήμασιν.
665 529 709 620 ἦ
755 537 883 622 γὰρ
929 539 1142 603 πολλὰ
1187 540 1431 605 παθὼν
1474 536 1586 605 καὶ
1630 537 1822 604 πόλλ’
1875 536 2232 623 ἐπαληθεὶς

254 640 596 726 ἠγαγόμην
642 641 715 707 έν
757 641 959 727 νηυσὶ
1011 641 1122 709 καὶ
1169 643 1469 733 ὀγδοάτῳ
1513 647 1644 711 ἔτει
1687 640 1935 729 ἦλθον,

255 747 534 833 Κύπρον
585 751 909 834 Φοινίκην
953 772 1023 815 τε
1067 747 1178 815 καὶ
1224 753 1637 833 Αἰγυπτίους
1683 750 2070 835 ἐπαληθείς,

255 854 591 931 Αὐθίοπάς
634 851 708 918 θ’
764 854 1001 940 ἱκόμην
1044 853 1155 921 καὶ
1200 857 1566 934 Σιδονίους
1610 854 1721 923 καὶ
1759 855 2115 943 Ἐρεμβοὺς

253 957 363 1024 καὶ
407 959 701 1043 Λιβύην,
747 960 857 1025 ἵνα
901 958 959 1025 τ’
1013 962 1209 1047 ἄρνες
1254 944 1435 1048 ἄφαρ
1480 961 1705 1048 κεραοὶ
1750 961 2169 1029 τελέθουσιν·
2207 979 2276 1028 85

255 1061 396 1150 τρὶς
438 1065 566 1151 γὰρ
612 1067 812 1131 τίκτει
856 1071 1030 1151 μῆλα
1073 1070 1481 1154 τελεσφόρον
1526 1069 1620 1145 είς
1656 1067 1981 1134 ἐνιαυτόν.

255 1173 424 1236 ἔνθα
470 1167 592 1255 μὲν
636 1172 789 1237 οὔτε
836 1173 1000 1253 ἄναξ
1045 1172 1356 1257 ἐπιδευὴς
1400 1174 1553 1240 οὔτε
1596 1198 1660 1240 τι
1705 1175 1955 1259 ποιμὴν

253 1286 461 1363 τυροῦ
504 1274 615 1343 καὶ
659 1289 900 1364 κρειῶν
955 1276 1115 1345 οὐδὲ
1159 1283 1511 1365 γλυκεροῖο
1555 1280 1908 1363 γάλακτος,

256 1381 399 1448 ἀλλ’
452 1381 582 1449 αἰεὶ
626 1382 1031 1470 παρέχουσιν
1077 1383 1440 1469 ἐπηετανὸν
1482 1386 1654 1470 γάλα
1700 1391 1979 1469 θῆσθαι.

257 1480 391 1566 εἷος
435 1488 560 1572 ἐγὼ
607 1487 758 1575 περὶ
802 1500 988 1555 κεῖνα
1031 1494 1246 1557 πολὺν
1290 1494 1521 1575 βίοτον
1566 1494 1982 1577 συναγείρων
2206 1508 2277 1556 90

256 1594 556 1680 ἠλώμην,
600 1598 789 1674 τείως
833 1620 947 1681 μοι
991 1596 1321 1682 ἀδελφεὸν
1368 1598 1565 1674 ἄλλος
1610 1600 1895 1682 ἔπεφνεν

258 1702 509 1787 λάθρῃ,
556 1701 860 1785 ἀνωιστί,
907 1704 1081 1791 δόλῳ
1130 1701 1498 1788 οὐλομένης
1545 1702 1843 1789 ἀλόχοιο·

259 1802 348 1884 ώς
393 1808 476 1873 οὔ
518 1831 623 1873 τοι
665 1809 916 1895 χαίρων
950 1809 1173 1874 τοῖσδε
1217 1809 1598 1874 κτεάτεσσιν
1644 1808 1929 1875 ἀνάσσω.

258 1911 368 1980 καὶ
412 1911 712 1999 πατέρων
755 1915 912 1980 τάδε
957 1912 1210 2000 μέλλετ’
1265 1913 1617 2001 ἀκουέμεν,
1664 1916 1736 1982 οἵ
1773 1939 1949 1994 τινες
1993 1915 2154 2001 ὕμιν

260 2023 460 2103 εὔσίν,
506 2019 646 2087 ἐπεὶ
690 2022 864 2106 μάλα
908 2021 1120 2086 πολλὰ
1165 2021 1422 2105 πάθον,
1468 2019 1577 2087 καὶ
1624 2021 1929 2088 ἀπώλεσα
1975 2018 2163 2087 οἷκον
2209 2039 2278 2086 95

260 2122 337 2192 εὖ
381 2128 556 2211 μάλα
600 2129 1018 2209 ναιετάοντα,
1063 2128 1427 2212 κεχανδότα
1471 2127 1683 2193 πολλὰ
1729 2126 1841 2194 καὶ
1886 2127 2113 2193 ἐσθλά.

261 2228 358 2298 ὧν
402 2234 650 2318 ὄφελον
693 2234 1003 2319 τριτάτην
1047 2254 1171 2319 περ
1218 2236 1388 2317 ἔχων
1434 2231 1509 2298 ἐν
1555 2234 1813 2317 δώμασι
1858 2244 2102 2318 μοῖραν

260 2342 503 2423 ναίειν,
550 2340 620 2405 οί
660 2337 722 2406 δ’
773 2340 1013 2425 ἄνδρες
1058 2342 1204 2405 σόοι
1251 2341 1554 2424 ἔμμεναι,
1602 2341 1673 2405 οἳ
1710 2336 1846 2404 τότ’
1899 2340 2135 2405 ὄλοντο

270 2447 472 2530 Τροίῃ
520 2444 593 2510 ἐν
638 2445 861 2531 εὐρείῃ
915 2443 1066 2522 ἑκὰς
1095 2443 1371 2530 ’Ἄργεος
1418 2445 1821 2528 ἱπποβότοιο.

262 2549 404 2616 ἀλλ’
457 2554 663 2635 ἔμπης
706 2552 956 2628 πάντας
1000 2547 1123 2635 μὲν
1167 2551 1575 2636 ὀδυρόμενος
1617 2549 1730 2615 καὶ
1774 2549 2031 2636 ἀχεύων
2178 2568 2282 2617 100

260 2657 575 2735 πολλάκις
619 2656 694 2723 έν
739 2658 1085 2743 μεγάροισι
1130 2659 1511 2740 καθήμενος
1553 2655 1970 2741 ἡμετέροισιν

263 2764 494 2828 ἄλλοτε
539 2759 662 2848 μέν
705 2786 776 2828 τε
820 2765 956 2852 γόῳ
1004 2761 1217 2849 φρένα
1261 2761 1612 2848 τέρπομαι,
1659 2763 1891 2828 ἄλλοτε
1937 2759 2000 2828 δ’
2052 2757 2208 2827 αὖτε

261 2870 580 2953 παύομαι·
628 2870 908 2955 αἰψηρὸς
953 2865 1027 2935 δὲ
1071 2871 1268 2954 κόρος
1311 2879 1621 2955 κρυεροῖο
1667 2871 1883 2951 γόοιο·

263 2987 395 3041 τῶν
439 2976 707 3040 πάντων
750 2975 835 3041 οὐ
879 2978 1124 3041 τόσσον
1168 2974 1496 3060 ὀδύρομαι
1540 2973 1907 3059 ἀχνύμενός
1950 2995 2103 3059 περ,

264 3083 353 3159 ὡς
399 3079 575 3163 ἑνός,
621 3080 695 3158 ὃς
738 3079 814 3147 τέ
852 3105 965 3167 μοι
1010 3081 1228 3147 ὕπνον
1273 3080 1664 3165 ἀπεχθαίρει
1707 3078 1817 3145 καὶ
1863 3078 2122 3163 ἐδωδὴν
2180 3098 2281 3145 105

263 3185 654 3275 μνωομένῳ,
701 3185 839 3254 ἐπεὶ
886 3188 970 3253 οὔ
1013 3211 1112 3265 τις
1152 3185 1430 3272 Ἀχαιῶν
1473 3187 1679 3250 τόσσα
1723 3187 2044 3270 μόγησεν,

265 3293 407 3361 ὅσσ’
454 3292 763 3370 Ὀδυσεὺς
808 3293 1086 3379 ἐμόγησε
1132 3290 1241 3359 καὶ
1286 3294 1510 3377 ἤρατο.
1583 3299 1675 3380 τῷ
1731 3287 1794 3357 δ’
1855 3288 1961 3376 ἄρ’
2014 3294 2281 3377 ἔμελλεν

266 3400 443 3488 αὐτῷ
489 3398 670 3484 κήδε’
722 3402 1025 3483 ἔσεσθαι,
1070 3396 1213 3484 ἐμοὶ
1264 3396 1327 3464 δ’
1381 3398 1538 3483 ἄχος
1583 3393 1728 3462 αἰὲν
1773 3397 2061 3462 ἄλαστον

265 3510 520 3590 κείνου,
566 3506 743 3584 ὅπως
787 3507 870 3590 δὴ
918 3507 1128 3588 δηρὸν
1173 3504 1541 3588 ἀποίχεται,
1588 3499 1752 3568 οὐδέ
1789 3526 1854 3567 τι
1900 3504 2119 3586 ἴδμεν,

374 3621 573 3661 Bonum
604 3619 840 3661 onnus.
896 3621 933 3660 1.
1820 3613 1853 3660 4
