2646 3932
964 210 1380 262 οΔΤΣΣΕΙΑΣ
1416 210 1537 261 vn.
2129 204 2249 267 107

241 356 628 438 σπείσομεν,
675 352 748 430 ὃς
789 347 864 417 θ’
918 350 1206 438 ἱκέτῃσιν
1251 346 1363 436 ἅμ’
1416 352 1773 416 αἰδοίοισιν
1818 349 2114 433 ὀπηδεῖ.“

329 453 419 535 ὧς
462 458 657 541 φάτο,
707 460 1092 535 Ποντόνοος
1139 454 1213 524 δὲ
1260 460 1631 542 μελίφρονα
1677 450 1867 522 οἶνον
1910 453 2166 540 ἐκίρνα,

240 564 547 648 νώμησεν
593 559 654 630 δ’
707 566 834 650 ἄρα
878 573 1083 630 πᾶσιν
1128 563 1573 650 ἐπαρξάμενος
1619 562 2016 628 δεπάεσσιν.

241 669 449 755 αὐτὰρ
494 668 634 736 ἐπεὶ
681 670 961 735 σπεῖσάν
1003 693 1075 734 τε
1121 671 1277 735 πίον
1321 663 1424 752 θ’,
1470 668 1634 733 ὅσον
1677 667 1878 750 ἤθελε
1921 668 2171 750 θυμός,
2287 711 2290 714 -

240 786 459 840 τοῖσιν
506 770 568 840 δ’
614 770 946 852 Ἀλκίνοος
992 775 1366 861 ἀγορήσατο
1412 772 1521 840 καὶ
1565 773 1925 858 μετέειπεν·
2160 788 2260 838 185

242 880 586 965 ,,κέκλυτε,
639 884 954 965 Φαιήκων
996 881 1316 966 ἡγήτορες
1360 876 1477 965 ἠδὲ
1525 879 1865 965 μέδοντες,

243 983 397 1073 ὄφρ’
449 994 641 1072 εἴπω,
689 989 769 1053 τά
814 1012 891 1072 με
937 989 1155 1072 θυμὸς
1200 985 1300 1052 ἑνὶ
1347 989 1666 1070 στήθεσσι
1710 986 1979 1051 κελεύει.

241 1103 369 1160 νῦν
412 1091 534 1178 μὲν
581 1095 969 1177 δαισάμενοι
1012 1095 1381 1158 κατακείετε
1429 1086 1643 1158 οἴκαδ’
1696 1092 1935 1168 ἰόντες·

242 1199 467 1281 ἠῶθεν
514 1195 587 1264 δὲ
631 1196 947 1282 γέροντας
993 1195 1100 1263 ἐπὶ
1144 1196 1429 1274 πλέονας
1472 1195 1865 1273 καλέσαντες

244 1305 462 1384 ξεῖνον
507 1302 608 1369 ἐνὶ
651 1303 962 1388 μεγάροις
1007 1304 1421 1387 ξεινίσσομεν
1463 1299 1585 1386 ἠδὲ
1624 1308 1891 1369 θεοῖσιν
2162 1319 2263 1367 100

246 1408 519 1496 ῥέξομεν
565 1410 708 1494 ἰερὰ
752 1411 951 1493 καλά,
998 1413 1219 1476 ἔπειτα
1266 1407 1340 1476 δὲ
1384 1407 1497 1475 καὶ
1539 1406 1691 1496 περὶ
1735 1416 1997 1493 πομπῆς

244 1510 639 1601 μνησόμεθ’,
686 1516 775 1593 ὥς
818 1511 880 1601 χ’
932 1515 969 1583 ὁ
1017 1516 1230 1595 ξεῖνος
1275 1516 1522 1582 ἄνευθε
1568 1518 1782 1581 πόνου
1826 1512 1938 1580 καὶ
1984 1515 2175 1598 ἀνίης

244 1630 469 1708 πομπῇ
512 1616 632 1706 ὑφ’
681 1621 961 1708 ἡμετέρῃ
1005 1623 1092 1706 ἣν
1135 1623 1423 1708 πατρίδα
1465 1632 1665 1705 γαῖαν
1709 1621 1928 1705 ἵκηται

243 1730 492 1812 χαίρων
537 1732 991 1814 καρπαλίμως,
1038 1731 1103 1794 εἰ
1142 1726 1254 1794 καὶ
1299 1729 1476 1813 μάλα
1519 1729 1809 1811 τηλόθεν
1855 1726 2066 1810 ἐστίν,

243 1833 415 1918 μηδέ
453 1858 517 1899 τι
561 1836 894 1920 μεσσηγύς
939 1858 1013 1918 γε
1057 1835 1264 1900 κακὸν
1307 1831 1419 1899 καὶ
1464 1841 1648 1917 πῆμα
1691 1834 2021 1918 πάθῃσιν,
2162 1849 2261 1899 195

244 1942 403 2026 πρίν
447 1963 523 2025 γε
567 1942 686 2007 τὸν
731 1934 810 2024 ἧς
855 1943 1046 2025 γαίης
1092 1938 1507 2025 ἐπιβήμεναι·
1553 1941 1723 2005 ἔνθα
1769 1932 1832 2004 δ’
1883 1941 2104 2005 ἔπειτα

245 2048 564 2129 πείσεται,
612 2047 783 2111 ἅσσα
829 2046 901 2111 οἰ
939 2041 1096 2111 αἶσα
1140 2046 1305 2111 κατὰ
1349 2044 1606 2122 κλῶθές
1650 2069 1719 2110 τε
1765 2048 2026 2130 βαρεῖαι

245 2149 611 2239 γιγνομένῳ
658 2153 945 2235 νήσαντο
991 2153 1185 2239 λίνῳ,
1232 2149 1340 2215 ὅτε
1385 2174 1501 2235 μιν
1542 2148 1687 2216 τέκε
1732 2151 1961 2234 μήτηρ.

245 2256 309 2320 εἰ
352 2254 430 2320 δέ
470 2278 568 2332 τις
614 2255 970 2320 ἀθανάτων
1015 2277 1089 2338 γε
1133 2249 1275 2320 κατ’
1329 2254 1623 2341 οὐρανοῦ
1670 2257 2094 2339 εἰλήλουθεν,

246 2362 407 2427 ἄλλο
453 2384 517 2426 τι
563 2362 645 2445 δὴ
691 2355 833 2427 τόδ’
885 2363 1106 2427 ἔπειτα
1151 2359 1303 2427 θεοὶ
1350 2363 1977 2446 περιμηχανόωνται.
2159 2378 2263 2428 200

246 2464 374 2532 αἰεὶ
419 2467 546 2551 γὰρ
590 2467 664 2531 τὸ
711 2466 920 2552 πάρος
964 2490 1038 2549 γε
1083 2464 1237 2532 θεοὶ
1283 2470 1639 2552 φαίνονται
1684 2466 1982 2551 ἐναργεῖς

242 2573 433 2658 ἡμῖν,
481 2567 616 2638 εὖτ’
669 2573 967 2658 ἔρδωμεν
1013 2572 1401 2655 ἀγακλειτὰς
1447 2571 1837 2656 ἑκατόμβας,

246 2680 600 2744 δαίνυνταί
637 2702 705 2743 τε
751 2673 907 2762 παρ’
959 2679 1123 2763 ἄμμι
1160 2681 1559 2764 καθήμενοι,
1607 2681 1776 2743 ἔνθα
1820 2699 1942 2763 περ
1987 2677 2190 2763 ἡμεῖς.

243 2786 308 2849 εἰ
348 2780 414 2850 δ’
467 2786 594 2872 ἄρα
638 2808 737 2861 τις
781 2783 892 2850 καὶ
937 2794 1186 2869 μοῦνος
1233 2785 1355 2850 ἰὼν
1403 2784 1765 2868 ξύμβληται
1808 2784 2059 2867 ὁδίτης,

246 2891 327 2955 οὕ
372 2914 437 2955 τι
481 2892 1076 2977 κατακρύπτουσιν,
1124 2891 1270 2957 ἐπεί
1301 2908 1535 2975 σφισιν
1571 2891 1861 2974 ἐγγύθεν
1896 2887 2099 2973 εἰμέν,
2159 2906 2263 2956 205

246 2997 333 3073 ὥς
376 3017 500 3082 περ
546 2996 905 3074 Κύκλωπές
946 3020 1018 3063 τε
1063 2995 1173 3063 καὶ
1218 2999 1417 3082 ἄγρια
1461 2992 1642 3081 φῦλα
1691 2995 2096 3078 Γιγάντων.“

331 3103 451 3167 τὸν
488 3097 547 3168 δ’
593 3103 1116 3187 ἀπαμειβόμενος
1151 3101 1454 3187 προσέφη
1492 3103 1856 3186 πολύμητις
1887 3094 2263 3177 Ὀδυσσεύς·

245 3199 591 3290 ,,Ἀλκίνο’,
637 3208 797 3273 ἄλλο
843 3209 914 3272 τί
949 3229 1054 3272 τοι
1099 3205 1344 3290 μελέτω
1392 3210 1658 3293 φρεσίν·
1714 3206 1797 3272 οὐ
1841 3207 1968 3292 γὰρ
2017 3206 2141 3290 ἐγώ
2189 3231 2263 3290 γε

244 3311 683 3377 ἀθανάτοισιν
729 3315 940 3393 ἔοικα,
985 3310 1091 3377 τοὶ
1139 3310 1433 3396 οὐρανὸν
1478 3311 1684 3396 εὐρὺν
1730 3312 2027 3394 ἔχουσιν,

243 3418 326 3484 ού
374 3415 574 3502 δέμας
620 3414 779 3483 οὐδὲ
825 3420 1040 3501 φυήν,
1087 3416 1253 3482 ἀλλὰ
1295 3422 1610 3501 θνητοῖσι
1654 3417 2012 3499 βροτοῖσιν.
2158 3434 2262 3483 210

241 3523 359 3601 οὕς
405 3546 590 3600 τινας
634 3521 821 3607 ὑμεῖς
869 3528 1004 3588 ἴστε
1052 3516 1310 3606 μάλιστ’
1364 3519 1671 3605 ὀχέοντας
1716 3519 1899 3598 ὀιζὺν
