2646 3932
374 205 501 270 198
1126 204 1546 257 οΔΤΣΣΕΙΑΣ
1580 206 1653 258 Μ.

361 348 546 434 ἡμεῖς
588 345 711 431 μὲν
755 349 920 432 πρὸς
963 348 1087 430 τὴν
1134 349 1366 430 ἴδομεν
1411 349 1748 423 δείσαντες
1792 347 2108 429 ὄλεθρον·

361 457 578 539 τόφρα
623 452 703 519 δέ
741 477 855 536 μοι
901 454 1172 536 Σκύλλη
1219 457 1566 537 γλαφυρῆς
1611 451 1683 516 ἐκ
1727 452 1890 535 νηὸς
1935 450 2236 536 ἑταίρους
2276 468 2382 516 245

362 561 430 641 ἓξ
476 557 684 642 ἕλεθ’,
731 562 803 625 οἳ
840 562 1070 643 χερσίν
1112 582 1182 623 τε
1228 562 1433 642 βίηφί
1468 581 1537 622 τε
1584 554 1899 642 φέρτατοι
1942 553 2130 641 ἦσαν.

364 666 770 750 σκεψάμενος
816 661 878 728 δ’
931 663 999 741 ἐς
1041 673 1171 747 νῆα
1215 663 1574 747 θοὴνυᾶμα
1616 652 1730 728 καὶ
1772 659 1928 747 μεθ’
1981 663 2282 749 ἑταίρους

363 774 492 856 ἤδη
536 784 672 837 τῶν
717 771 959 854 ἐνόησα
1004 772 1213 847 πόδας
1257 769 1368 834 καὶ
1412 780 1635 853 χεῖρας
1676 770 1973 855 ὕπερθεν

364 877 563 956 ὑψόσ’
617 875 1050 962 ἀειρομένων·
1096 872 1208 960 ἐμὲ
1255 871 1330 940 δὲ
1374 874 1757 958 φθέγγοντο
1803 881 2152 954 καλεῦντες

366 984 934 1068 ἐξονομακλήδην,
979 985 1126 1048 τότε
1172 981 1235 1065 γ’
1286 982 1603 1064 ὕστατον,
1651 981 2010 1066 ἀχνύμενοι
2054 991 2195 1067 κῆρ.
2280 999 2390 1048 250

367 1093 457 1168 ὡς
503 1085 564 1156 δ’
616 1084 712 1155 ὅτ’
764 1089 870 1155 ἐπὶ
916 1092 1225 1177 προβόλῳ
1272 1089 1497 1164 ἁλιεὺς
1539 1090 1887 1172 περιμήκεϊ
1928 1089 2154 1177 ῥάβδῳ

370 1198 599 1283 ἰχθύσι
641 1207 782 1273 τοῖς
827 1196 1112 1279 ὀλίγοισι
1159 1198 1364 1261 δόλον
1408 1196 1572 1260 κατὰ
1617 1196 1843 1259 εἴδατα
1887 1196 2152 1278 βάλλων

369 1305 435 1383 ἐς
478 1307 726 1369 πόντον
769 1305 1039 1388 προΐησι
1083 1303 1240 1385 βοὸς
1283 1300 1478 1386 κέρας
1524 1300 1918 1386 ἀγραύλοιο,

371 1411 778 1494 ἀσπαίροντα
823 1406 884 1472 δ’
939 1410 1158 1472 ἔπειτα
1204 1408 1428 1491 λαβὼν
1473 1409 1701 1492 ἔρριψε
1744 1408 2025 1493 θύραζε,

371 1513 459 1594 ὦς
504 1517 575 1581 οἵ
613 1512 676 1598 γ’
729 1514 1161 1598 ἀσπαίροντες
1207 1512 1510 1597 ἀείροντο
1556 1512 1749 1594 προτὶ
1792 1512 2060 1599 πέτρας·
2286 1531 2394 1580 255

372 1624 578 1688 αὐτοῦ
626 1618 686 1686 δ’
739 1618 867 1685 εἰνὶ
910 1620 1162 1705 θύρῃσι
1206 1620 1525 1701 κατήσθιε
1569 1624 1983 1703 κεκληγῶτας

371 1740 592 1814 χεῖρας
637 1725 783 1811 ἐμοὶ
828 1724 1181 1811 ὀρέγοντας
1227 1724 1301 1790 ἐν
1348 1726 1504 1810 αἰνῇ
1553 1727 1877 1808 δηιοτῆτι·

374 1842 703 1902 οἴκτιστον
750 1834 832 1916 δὴ
877 1843 1057 1897 κεῖνο
1104 1830 1285 1915 ἐμοῖς
1332 1833 1482 1895 ἴδον
1528 1831 1984 1916 ὀφθαλμοῖσιν

373 1943 670 2024 πάντων,
716 1936 859 2006 ὅσσ’
912 1937 1203 2023 ἐμόγησα
1247 1941 1498 2024 πόρους
1542 1937 1700 2017 ἁλὸς
1745 1937 2136 2026 ἐξερεείνων.

463 2049 670 2132 αὐτὰρ
716 2045 855 2112 ἐπεὶ
898 2044 1138 2131 πέτρας
1182 2046 1486 2130 φύγομεν
1532 2047 1762 2130 δεινήν
1797 2070 1867 2112 τε
1905 2047 2252 2131 Χάρυβδιν
2289 2063 2397 2112 260

375 2157 688 2238 Σκύλλην
731 2151 818 2236 τ’,
866 2149 1080 2217 αὐτίκ’
1133 2154 1355 2216 ἔπειτα
1400 2157 1569 2217 θεοῦ
1616 2151 1683 2229 ές
1728 2152 2036 2237 ἀμύμονα
2081 2162 2292 2235 νῆσον

379 2259 634 2347 ἱκόμεθ’
653 2281 669 2296 ·
714 2262 883 2325 ἔνθα
929 2257 990 2324 δ’
1044 2261 1204 2322 ἔσαν
1247 2256 1444 2323 καλαὶ
1490 2261 1642 2341 βόες
1686 2258 2170 2345 εὐρυμέτωποι,

376 2369 588 2435 πολλὰ
634 2362 708 2431 δὲ
754 2371 904 2449 ἴφια
948 2360 1099 2447 μῆλ’
1142 2360 1522 2447 Ὑπερίονος
1560 2362 1867 2430 Ἠελίοιο.

381 2478 462 2560 δὴ
508 2470 642 2539 τότ’
695 2471 866 2555 ἐγὼν
919 2472 1014 2535 ἔτι
1059 2471 1280 2556 πόντῳ
1329 2468 1458 2534 ἐὼν
1503 2470 1578 2535 ἐν
1622 2470 1735 2554 νηὶ
1781 2473 2057 2556 μελαίνῃ

378 2585 736 2666 μυκηθμοῦ
779 2573 838 2640 τ’
889 2576 1144 2658 ἤκουσα
1187 2577 1370 2657 βοῶν
1413 2575 1905 2659 αὐλιζομενάων
2294 2594 2401 2644 265

381 2689 544 2753 οἰῶν
586 2707 656 2748 τε
701 2682 979 2765 βληχήν·
1024 2683 1141 2744 καί
1179 2703 1291 2763 μοι
1339 2682 1494 2756 ἔπος
1538 2683 1775 2764 ἔμπεσε
1820 2689 2020 2771 θυμῷ

381 2794 667 2877 μάντηος
712 2787 952 2869 ἀλαοῦ,
1001 2789 1300 2870 Θηβαίου
1356 2790 1727 2871 Τειρεσίαο,

383 2902 632 2983 Κίρκης
673 2890 731 2959 τ’
783 2897 1053 2976 Αἰαίης,
1100 2893 1143 2976 ἥ
1188 2916 1301 2976 μοι
1347 2894 1521 2976 μάλα
1565 2891 1754 2958 πόλλ’
1808 2892 2149 2959 ἐπέτελλεν

381 3013 594 3088 νῆσον
639 3000 1007 3067 ἀλεύασθαι
1053 3002 1540 3084 τερψιμβρότου
1580 2998 1884 3065 Ἠελίοιο.

385 3111 466 3194 δὴ
512 3105 645 3173 τότ’
699 3106 870 3189 ἐγὼν
916 3106 1208 3190 ἑτάροισι
1253 3105 1603 3190 μετηύδων
1649 3105 2016 3189 ἀχνύμενος
2059 3115 2212 3190 κῆρ·
2298 3124 2409 3173 2⁷0

385 3213 677 3300 ,κέκλυτέ
717 3236 842 3297 μευ
886 3213 1128 3297 μύθων
1180 3213 1348 3277 κακά
1391 3234 1514 3297 περ
1561 3212 1921 3296 πάσχοντες
1966 3211 2242 3298 ἑταῖροι,

385 3320 541 3408 ὄφρ’
593 3321 755 3406 ὑμῖν
801 3327 961 3386 εἴπω
1008 3322 1290 3404 μαντήια
1346 3322 1684 3403 Τειρεσίαο

386 3431 634 3513 Κίρκης
680 3423 739 3491 τ’
791 3427 1061 3509 Αἰαίης,
1107 3425 1148 3509 ἥ
1196 3449 1309 3509 μοι
1355 3425 1529 3509 μάλα
1573 3421 1762 3488 πόλλ’
1816 3421 2157 3489 ἐπέτελλεν

386 3543 597 3619 νῆσον
645 3533 1013 3599 ἀλεύασθαι
1058 3534 1546 3617 τερψιμβρότου
1586 3528 1901 3596 Ἠελίοιο·
