2646 3932
1009 177 1425 228 οΔΤΣΣΕιΑΣ
1461 179 1526 230 x,
2147 171 2275 240 153

252 318 449 400 ἠπύει
496 319 844 401 εἰσελάων,
892 317 929 384 ὁ
977 317 1057 383 δέ
1096 317 1154 383 τ’
1208 318 1491 398 ἐξελάων
1535 319 1874 385 ὑπακούει.

253 425 422 488 ἔνθα
464 421 526 488 κ’
580 424 831 500 ἄυπνος
877 423 1046 509 ἀνὴρ
1094 425 1322 501 δοιοὺς
1368 423 1637 511 ἐξήρατο
1684 426 2001 508 μισθούς,

252 522 370 594 τὸν
417 525 541 613 μὲν
585 528 993 613 βουκολέων,
1039 531 1158 595 τὸν
1204 527 1266 594 δ’
1311 531 1582 615 ἄργυφα
1627 535 1802 615 μῆλα
1836 532 2168 615 νομεύων·
2208 548 2279 597 85

254 633 450 717 ἐγγὺς
495 636 621 719 γάρ
665 637 904 712 νυκτός
947 658 1018 700 τε
1060 633 1173 700 καὶ
1216 637 1463 720 ἤματός
1508 638 1636 701 εἰσι
1680 635 2008 702 κέλευθοι.

214 717 401 805 Ϋένθ’
454 739 593 806 ἐπεὶ
638 740 705 818 ἐς
750 740 983 827 λιμένα
1026 742 1273 806 κλυτὸν
1315 742 1646 826 ἤλθομεν,
1693 741 1774 807 ὃν
1817 741 1969 830 πέρι
2010 742 2214 828 πέτρη

253 847 565 930 ἠλίβατος
608 849 917 931 τετύχηκε
964 843 1314 932 διαμπερὲς
1360 846 1868 932 ἀμφοτέρωθεν,

256 951 445 1018 ἀκταὶ
492 949 566 1019 δὲ
611 956 977 1040 προβλῆτες
1020 951 1314 1018 ἐναντίαι
1360 952 1722 1039 ἀλλήλῃσιν

256 1058 330 1125 ἐν
378 1061 651 1144 στόματι
695 1060 1139 1146 προύχουσιν,
1186 1057 1383 1144 ἀραιὴ
1431 1057 1493 1123 δ’
1547 1061 1807 1136 εἴσοδός
1852 1060 2061 1143 ἐστιν,
2209 1077 2278 1125 90

256 1162 402 1229 ἔνθ’
455 1165 527 1229 οἵ
565 1163 628 1248 γ’
683 1172 839 1231 εἴσω
884 1165 1125 1240 πάντες
1169 1166 1322 1248 ἔχον
1367 1164 1521 1241 νέας
1567 1165 2018 1250 ἀμφιελίσσας.

257 1271 331 1335 αἱ
370 1266 492 1354 μὲν
538 1269 643 1357 ἄρ’
696 1273 1018 1336 ἔντοσθεν
1063 1268 1329 1355 λιμένος
1372 1274 1625 1336 κοίλοιο
1673 1268 1942 1336 δέδεντο

256 1379 553 1460 πλησίαι·
600 1376 682 1442 οὐ
728 1373 850 1461 μὲν
894 1377 1022 1461 γάρ
1068 1375 1214 1441 ποτ’
1267 1374 1488 1456 ἀέξετο
1532 1377 1709 1461 κῦμά
1752 1375 1815 1460 γ’
1867 1376 1944 1443 ἐν
1990 1377 2197 1464 αὐτῷ,

257 1482 409 1547 οὔτε
455 1480 598 1566 μέγ’
653 1481 794 1548 οὔτ’
848 1481 1108 1566 ὀλίγον,
1155 1483 1354 1565 λευκὴ
1402 1481 1465 1547 δ’
1515 1478 1601 1566 ἦν
1648 1480 1820 1569 ἀμφὶ
1864 1482 2145 1567 γαλήνη·

259 1588 471 1673 αὐτὰρ
520 1588 692 1672 ἐγὼν
737 1584 879 1666 οἷος
925 1589 1173 1673 σχέθον
1218 1587 1340 1666 ἔξω
1385 1597 1515 1672 νῆα
1559 1586 1906 1673 μέλαιναν,
2210 1605 2278 1653 95

259 1694 466 1759 αὐτοῦ
512 1692 611 1760 ἐπ’
665 1693 961 1780 ἐσχατιῇ,
1005 1692 1248 1779 πέτρης
1293 1694 1366 1759 ἐκ
1409 1697 1736 1780 πείσματα
1782 1693 2004 1778 δήσας.

259 1802 457 1883 ἔστην
505 1796 576 1865 δὲ
624 1801 907 1883 σκοπιὴν
953 1800 1019 1877 ἐς
1061 1802 1560 1866 παιπαλόεσσαν
1605 1800 1936 1867 ἀνελθών·

259 1907 430 1971 ἔνθα
474 1902 596 1991 μὲν
644 1907 795 1972 οὔτε
843 1908 1023 1989 βοῶν
1070 1904 1209 1971 οὔτ’
1263 1906 1530 1992 ἀνδρῶν
1576 1911 1849 1993 φαίνετο
1896 1909 2084 1991 ἔργα,

259 2013 516 2077 καπνὸν
564 2010 627 2077 δ’
680 2007 829 2077 οἷον
876 2012 1134 2096 ὁρῶμεν
1180 2012 1308 2077 ἀπὸ
1355 2014 1603 2095 χθονὸς
1648 2014 1979 2079 ἀίσσοντα.

263 2118 344 2200 δὴ
389 2115 524 2182 τότ’
579 2117 749 2200 ἐγὼν
795 2116 1069 2202 ἑτάρους
1112 2120 1374 2202 προΐειν
1415 2120 1792 2184 πεύθεσθαι
1838 2121 2087 2200 ἰόντας,
2182 2136 2283 2185 100

262 2224 332 2288 οἵ
371 2246 546 2300 τινες
593 2221 822 2308 ἀνέρες
866 2219 1001 2313 εἷεν
1045 2221 1151 2287 ἐπὶ
1196 2220 1398 2306 χθονὶ
1443 2233 1629 2288 σῖτον
1675 2226 1965 2308 ἔδοντες,

262 2329 464 2413 ἄνδρε
511 2329 650 2394 δύω
695 2332 955 2415 κρίνας,
999 2331 1305 2413 τρίτατον
1349 2328 1580 2414 κήρυχ’
1633 2327 1742 2414 ἅμ’
1795 2317 2103 2407 ὀπάσσας.

262 2434 334 2499 οἱ
373 2433 435 2498 δ’
489 2441 642 2499 ἴσαν
687 2434 993 2517 ἐκβάντες
1039 2437 1224 2518 λείην
1270 2433 1462 2517 ὁδόν,
1508 2426 1551 2519 ᾖ
1595 2455 1720 2521 περ
1763 2435 2001 2520 ἄμαξαι

263 2538 493 2605 ἄστυδ’
548 2537 664 2625 ἀφ’
717 2540 995 2624 ὑψηλῶν
1041 2539 1252 2625 ὀρέων
1295 2542 1686 2623 καταγίνεον
1728 2540 1929 2624 ὕλην,

261 2646 474 2732 κούρῃ
523 2642 596 2711 δὲ
644 2643 1015 2729 ξύμβληντο
1061 2647 1189 2731 πρὸ
1236 2647 1468 2723 ἄστεος
1511 2646 1920 2732 ὑδρευούσῃ,
2182 2664 2286 2713 105

261 2749 579 2835 θυγατέρ’
634 2752 884 2836 ἰφθίμῃ
927 2754 1429 2838 Λαιστρυγόνος
1466 2749 1876 2838 Ἀντιφάταο,

263 2856 304 2940 ἡ
354 2852 475 2940 μὲν
522 2854 627 2941 ἄρ’
681 2855 748 2935 ἐς
793 2855 1049 2941 κρήνην
1092 2856 1487 2941 κατεβήσετο
1533 2856 2010 2945 καλλιρέεθρον

258 2958 631 3046 Ἀρτακίην·
676 2966 879 3028 ἔνθεν
923 2964 1051 3047 γάρ
1096 2962 1282 3048 ὕδωρ
1328 2961 1523 3048 προτὶ
1569 2965 1734 3028 ἄστυ
1780 2963 2133 3049 φέρεσκον·

265 3067 337 3131 οἱ
378 3063 451 3132 δὲ
495 3070 970 3152 παριστάμενοι
1013 3069 1493 3154 προσεφώνεον
1539 3072 1611 3133 ἔκ
1656 3067 1714 3133 τ’
1768 3068 2062 3154 ἐρέοντο,

265 3171 338 3249 ὅς
380 3195 480 3249 τις
522 3170 720 3237 τῶνδ’
774 3180 876 3257 εἴη
922 3176 1234 3257 βασιλεὺς
1277 3172 1388 3238 καὶ
1433 3185 1649 3239 τοῖσιν
1695 3175 2002 3240 ἀνάσσοι·
2183 3191 2289 3240 110

262 3277 305 3361 ἡ
355 3274 428 3342 δὲ
474 3276 625 3362 μάλ’
679 3278 912 3343 αὐτίκα
956 3280 1203 3366 πατρὸς
1248 3278 1622 3366 ἐπέφραδεν
1666 3276 1993 3365 ὑψερεφὲς
2040 3282 2151 3345 δῶ.

268 3383 338 3449 οἰ
377 3380 439 3448 δ’
492 3381 632 3449 ἐπεὶ
678 3384 998 3466 εἰσῆλθον
1041 3387 1248 3451 κλυτὰ
1294 3386 1593 3469 δώματα,
1638 3386 1762 3468 τὴν
1808 3382 1882 3450 δὲ
1925 3396 2208 3469 γυναῖκα

266 3482 498 3575 εὗρον,
534 3488 701 3573 ὅσην
735 3487 794 3553 τ’
839 3491 1027 3575 ὄρεος
1062 3488 1402 3576 κορυφήν,
1439 3491 1604 3555 κατὰ
1640 3488 1703 3555 δ’
1747 3492 2028 3574 ἔστυγον
2060 3490 2288 3575 αὐτήν.
