2646 3932
386 198 473 263 32
1142 196 1559 248 οΔΤΣΣΕΙΑΣ
1593 196 1655 246 r.

384 341 593 427 αὐτὰρ
638 338 835 406 ἔπειτ’
889 341 1150 405 ἄλλοισι
1197 339 1395 404 δίδου
1437 338 1798 423 χαρίεσσαν
1843 335 2130 419 ἀμοιβὴν

383 447 721 532 σύμπασιν
769 448 1127 511 Πυλίοισιν
1171 443 1560 527 ἀγακλειτῆς
1604 440 1981 525 ἑκατόμβης.

385 553 501 628 δὸς
546 548 608 616 δ’
661 553 757 616 ἔτι
810 549 1194 636 Τηλέμαχον
1237 545 1352 614 καὶ
1396 544 1508 633 ἐμὲ
1551 545 1887 632 πρήξαντα
1931 544 2239 628 νέεσθαι,
2340 560 2408 609 60

385 656 628 722 οὕνεκα
674 653 857 742 δεῦρ’
911 657 1233 741 ἱκόμεσθα
1275 660 1413 739 θοῇ
1459 656 1588 719 σὺν
1630 650 1744 736 νηὶ
1788 653 2131 738 μελαίνῃ.“

473 757 563 840 ὧς
609 760 714 847 ἄρ’
767 759 963 827 ἔπειτ’
1015 761 1221 846 ἠρᾶτο
1273 756 1388 826 καὶ
1432 758 1599 842 αὐτὴ
1644 757 1860 823 πάντα
1902 758 2189 823 τελεύτα.

387 870 556 935 δῶκε
604 864 678 934 δὲ
731 868 1087 956 Τηλεμάχῳ
1134 867 1342 933 καλὸν
1388 863 1592 942 δέπας
1635 863 2153 949 ἀμφικύπελλον.

386 968 475 1051 ὧς
521 972 583 1039 δ’
634 975 850 1051 αὕτως
894 974 1099 1058 ἠρᾶτο
1138 971 1504 1056 Ὀδυσσῆος
1549 974 1746 1055 φίλος
1789 971 1954 1047 υἱός.

386 1080 458 1144 οί
497 1078 560 1145 δ’
613 1077 754 1146 ἐπεὶ
800 1080 1113 1162 ὤπτησαν
1156 1075 1296 1164 κρέ’
1350 1074 1677 1162 ὑπέρτερα
1719 1073 1832 1142 καὶ
1877 1074 2231 1160 ἐρύσαντο,
2341 1093 2408 1141 65

386 1188 620 1270 μοίρας
666 1185 1073 1269 δασσάμενοι
1118 1179 1420 1249 δαίνυντ’
1474 1180 1781 1267 ἐρικυδέα
1828 1181 2037 1248 δαῖτα.

388 1291 595 1377 αὐτὰρ
642 1288 781 1357 ἐπεὶ
825 1292 1060 1367 πόσιος
1102 1287 1215 1355 καὶ
1260 1288 1538 1372 ἐδητύος
1583 1286 1650 1367 ἐξ
1695 1290 1853 1374 ἔρον
1897 1287 2081 1371 ἕντο,

387 1408 528 1474 τοῖς
569 1398 699 1481 ἄρα
742 1396 985 1480 μύθων
1028 1390 1188 1481 ἦρχε
1235 1397 1558 1480 Γερήνιος
1604 1396 1846 1461 ἱππότα
1889 1393 2202 1480 Νέστωρ·

389 1511 560 1586 ,,νῢν
605 1503 688 1587 δὴ
733 1502 1009 1568 κάλλιόν
1054 1499 1194 1567 ἐστι
1238 1506 1641 1585 μεταλλῆσαι
1683 1499 1795 1568 καὶ
1842 1499 2116 1587 ἐρέσθαι

389 1608 678 1690 ξείνους,
726 1607 799 1672 οἵ
835 1604 1012 1683 τινές
1057 1608 1260 1691 εἰσιν,
1307 1604 1450 1674 ἐπεὶ
1492 1608 1837 1694 τάρπησαν
1883 1607 2151 1691 ἐδωδῆς.
2340 1624 2409 1676 ‘10

389 1710 442 1781 ὦ
489 1715 725 1796 ξεῖνοι,
770 1714 946 1789 τίνες
992 1710 1142 1778 ἐστέ
1146 1738 1165 1791 3
1214 1715 1433 1779 πόθεν
1476 1711 1698 1779 πλεῖθ’
1749 1713 1922 1798 ὑγρὰ
1966 1713 2281 1793 κέλευθα;

387 1814 429 1903 ἦ
474 1842 540 1884 τι
582 1817 747 1883 κατὰ
791 1814 1033 1902 πρῆξιν
1076 1812 1118 1901 ἦ
1166 1818 1498 1902 μαψιδίως
1544 1816 1913 1903 ἀλάλησθε,

390 1917 498 1992 οἷά
540 1947 612 1991 τε
657 1928 1035 2009 ληιστῆρες,
1080 1921 1274 2009 ὑπεὶρ
1322 1923 1479 2009 ἅλα,
1525 1927 1637 1991 τοί
1674 1922 1733 1989 τ’
1786 1924 2114 1993 ἀλόωνται

387 2033 602 2118 ψυχὰς
645 2028 1056 2117 παρθέμενοι
1097 2032 1306 2096 κακὸν
1351 2030 1788 2097 ἀλλοδαποῖσι
1832 2032 2224 2119 φέροντες;“

475 2139 595 2204 τὸν
641 2135 703 2202 δ’
757 2132 844 2203 αὖ
897 2134 1273 2222 Τηλέμαχος
1315 2135 1732 2223 πεπνυμένος
1777 2136 2007 2204 ἀντίον
2050 2140 2225 2223 ηὔδα
2342 2157 2408 2206 ‘16

390 2248 764 2329 θαρσήσας·
828 2244 994 2328 αὑτὴ
1040 2244 1168 2330 γὰρ
1215 2241 1317 2309 ἐνὶ
1363 2241 1563 2328 φρεσὶ
1606 2245 1864 2330 θάρσος
1901 2241 2151 2331 Ἀθήνη

388 2347 573 2434 θῆχ’,
620 2350 732 2416 ἵνα
777 2375 893 2435 μιν
935 2347 1088 2436 περὶ
1131 2349 1380 2434 πατρὸς
1424 2347 1891 2435 ἀποιχομένοιο
1939 2353 2155 2436 ἔροιτο

392 2453 522 2540 [ἠδ’
574 2456 686 2522 ἵνα
730 2480 848 2541 μιν
891 2456 1081 2534 κλέος
1127 2455 1378 2522 ἐσθλὸν
1423 2454 1499 2522 ἐν
1544 2456 2006 2542 ἀνθρώποισιν
2053 2462 2306 2544 ἔχῃσιν]
2323 2479 2338 2495 ·

390 2557 489 2644 ,ῥῶ
535 2560 798 2648 Νέστορ
843 2562 1231 2648 Νηληιάδη,
1277 2559 1446 2646 μέγα
1487 2563 1692 2640 κῦδος
1728 2560 2038 2650 Ἀχαιῶν,

390 2673 618 2753 εἴρεαι,
663 2667 964 2734 ὁππόθεν
1008 2666 1220 2752 εἰμέν·
1283 2667 1411 2751 ἐγὼ
1459 2666 1539 2734 δέ
1576 2666 1657 2734 κέ
1693 2691 1799 2734 τοι
1843 2668 2187 2748 καταλέξω.
2343 2687 2409 2736 80

389 2773 576 2859 ἡμεῖς
621 2774 688 2855 ἐξ
727 2772 991 2859 Ἰθάκης
1034 2774 1365 2859 ὑπονηίου
1410 2776 1880 2860 εἰλήλουθμεν·

391 2879 624 2966 πρῆξις
668 2879 730 2946 δ’
781 2879 888 2965 ἥδ’
944 2881 1115 2965 ἰδίη,
1162 2880 1246 2946 οὐ
1292 2882 1559 2965 δήμιος,
1603 2880 1692 2964 ἣν
1737 2881 2054 2967 ἀγορεύω.

391 2987 636 3071 πατρὸς
681 2984 842 3069 ἐμοῦ
885 2984 1074 3062 κλέος
1119 2987 1282 3073 εὐρὺ
1330 2983 1749 3071 μετέρχομαι,
1804 2987 1891 3071 ἦν
1936 3008 2068 3053 που
2116 2987 2409 3070 ἀκούσω,

394 3093 546 3158 δίου
585 3075 955 3175 Ὀδυσσῆος
987 3095 1510 3176 ταλασίφρονος,
1556 3091 1637 3156 ὅν
1680 3090 1844 3158 ποτέ
1885 3109 2095 3178 φασιν

394 3202 521 3265 σὺν
566 3195 676 3264 σοὶ
719 3199 1143 3283 μαρνάμενον
1195 3198 1444 3283 Τρώων
1486 3200 1686 3264 πόλιν
1731 3197 2142 3279 ἐξαλαπάξαι.
2343 3214 2411 3264 85

395 3297 638 3383 ἄλλους
681 3302 803 3390 μὲν
847 3307 976 3392 γὰρ
1022 3305 1299 3388 πάντας,
1348 3304 1496 3370 ὅσοι
1548 3303 1810 3390 Τρωσὶν
1852 3303 2234 3389 πολέμιζον,

394 3408 793 3496 πευθόμεθ’,
838 3407 951 3496 ἧχι
994 3411 1266 3488 ἕκαστος
1311 3410 1606 3477 ἀπώλετο
1644 3416 1867 3501 λυγρῷ
1913 3410 2207 3502 ὀλέθρῳ,

397 3518 625 3583 κείνου
671 3513 734 3582 δ’
788 3512 874 3582 αὖ
919 3515 1029 3582 καὶ
1076 3517 1367 3602 ὄλεθρον
1412 3515 1708 3583 ἀπευθέα
1749 3522 1920 3601 θῆκε
1964 3518 2296 3603 Κρονίων·
