2646 3932
1014 183 1431 235 οΔΤΣΣΕΙΑΣ
1467 185 1564 236 111.
2206 185 2291 249 39

267 319 606 401 ἐκτελέσας
650 321 818 406 μέγα
862 326 1089 408 ἔργον,
1134 322 1173 390 δ
1218 325 1303 391 οὔ
1348 347 1505 391 ποτε
1553 328 1784 392 ἔλπετο
1831 332 2049 417 θυμῷ.
2189 344 2293 393 275

265 426 453 511 ἡμεῖς
496 423 621 512 μὲν
661 428 790 514 γὰρ
836 430 970 514 ἅμα
1012 428 1298 515 πλέομεν
1352 434 1686 516 Τροίηθεν
1730 433 1973 516 ἰόντες,

262 531 596 619 Ἀτρεΐδης
637 533 748 601 καὶ
794 534 953 620 ἐγώ,
998 540 1165 621 φίλα
1209 538 1459 614 εἰδότες
1502 537 1918 622 ἀλλήλοισιν·
1967 568 1975 583 2

268 637 413 705 ἀλλ’
465 640 573 706 ὅτε
619 643 919 707 Σούνιον
965 643 1114 727 ίρὸν
1161 640 1550 729 ἀφικόμεθ’,
1596 644 1804 730 ἄκρον
1842 641 2210 729 Ἀθηνέων,

268 750 439 813 ἔνθα
483 749 898 833 κυβερνήτην
942 750 1299 815 Μενελάου
1350 752 1598 834 Φοῖβος
1636 747 1974 818 Ἀπόλλων

268 845 369 930 οἷς
414 853 689 937 ἀγανοῖς
732 853 1070 938 βελέεσσιν
1115 854 1539 940 ἐποιχόμενος
1582 856 1991 942 κατέπεφνεν
2185 872 2292 923 280

265 960 594 1044 πηδάλιον
637 961 797 1045 μετὰ
840 960 1027 1048 χερσὶ
1068 962 1363 1046 θεούσης
1404 963 1566 1045 νηὸς
1610 964 1873 1047 ἔχοντα,

272 1068 566 1151 Φρόντιν
602 1063 1059 1154 Ὀνητορίδην,
1104 1067 1179 1146 ὃς
1223 1068 1528 1136 ἐκαίνυτο
1574 1066 1733 1154 φῦλ’
1787 1069 2166 1153 ἀνθρώπων

265 1182 394 1257 νῆα
436 1176 868 1259 κυβερνῆσαι,
914 1174 1108 1240 ὁπότε
1155 1174 1503 1260 σπέρχοιεν
1548 1175 1793 1241 ἄελλαι.

266 1274 357 1357 ὧς
401 1279 438 1345 ὁ
484 1276 608 1365 μὲν
652 1282 822 1346 ἔνθα
864 1278 1191 1365 κατέσχετ’
1244 1280 1665 1365 ἐπειγόμενός
1709 1301 1832 1366 περ
1879 1280 2097 1366 ὁδοῖο,

268 1383 425 1470 ὄφρ’
478 1384 716 1471 ἕταρον
759 1387 1009 1454 θάπτοι
1051 1385 1163 1454 καὶ
1209 1384 1317 1453 ἐπὶ
1362 1385 1593 1473 κτέρεα
1634 1389 2011 1472 κτερίσειεν.
2184 1404 2287 1454 285

268 1489 413 1558 ἀλλ’
464 1492 572 1558 ὅτε
620 1492 703 1575 δὴ
748 1490 861 1559 καὶ
902 1504 1122 1570 κεῖνος
1168 1494 1289 1558 ι’ὼν
1334 1491 1443 1558 ἐπὶ
1489 1498 1728 1559 οἴνοπα
1770 1495 2020 1561 πόντον

266 1598 342 1664 ἐν
383 1596 586 1682 νηυσὶ
629 1603 1011 1684 γλαφυρῇσι
1054 1599 1419 1665 Μαλειάων
1464 1600 1620 1684 ὄρος
1664 1600 1825 1664 αἰπὺ

266 1697 359 1786 ἷξε
402 1703 615 1788 θέων,
660 1707 806 1769 τότε
854 1705 935 1787 δὴ
982 1705 1310 1790 στυγερὴν
1355 1704 1518 1771 ὁδὸν
1562 1704 1857 1790 εὐρύοπα
1906 1707 2074 1782 Ζεὺς

267 1811 631 1897 ἐφράσατο,
677 1808 916 1894 λιγέων
962 1808 1024 1876 δ’
1077 1809 1339 1896 ἀνέμων
1384 1806 1484 1877 ἐπ’
1537 1809 1827 1895 ἀυτμένα
1870 1819 2092 1895 χεῦεν,

266 1917 522 2003 κύματά
563 1939 635 1983 τε
677 1915 1042 2003 τροφέοντο
1088 1916 1379 2003 πελώρια
1425 1912 1537 1984 ἶσα
1582 1917 1867 2003 ὄρεσσιν.
2179 1933 2284 1984 290

264 2027 434 2090 ἔνθα
479 2023 833 2108 διατμήξας
874 2025 992 2101 τὰς
1034 2020 1156 2108 μὲν
1200 2025 1429 2110 Κρήτῃ
1473 2022 1860 2106 ἐπέλασσεν,

263 2126 372 2215 ἧχι
419 2130 735 2208 Κύδωνες
777 2133 1004 2196 ἔναιον
1043 2127 1392 2215 Ἰαρδάνου
1436 2128 1609 2216 ἀμφὶ
1654 2128 1917 2215 ῥέεθρα.

265 2240 401 2302 ἔστι
448 2234 528 2302 δέ
564 2259 666 2314 τις
709 2236 902 2320 λισσὴ
949 2237 1171 2302 αι’πεῑά
1213 2259 1284 2302 τε
1331 2239 1426 2314 είς
1469 2236 1594 2301 ἅλα
1639 2234 1842 2322 πέτρη

264 2343 528 2428 ἐσχατιῇ
576 2344 909 2428 Γόρτυνος
954 2340 1029 2408 ἐν
1073 2339 1396 2426 ἠεροειδέι
1438 2344 1686 2431 πόντῳ·

263 2453 433 2515 ἔνθα
479 2450 699 2525 Νότος
744 2446 908 2531 μέγα
952 2455 1127 2531 κῦμα
1170 2446 1323 2514 ποτὶ
1369 2449 1603 2515 σκαιὸν
1648 2447 1798 2534 ῥίον
1843 2448 2039 2531 ὠθεῖ,
2175 2466 2280 2515 295

262 2556 329 2634 ἐς
379 2557 700 2637 Φαιστόν,
747 2554 977 2639 μικρὸς
1021 2549 1093 2619 δὲ
1139 2556 1334 2631 λίθος
1378 2552 1543 2638 μέγα
1585 2551 1738 2638 κῦμ’
1791 2552 2117 2639 ἀποέργει.

262 2662 337 2728 αι’
376 2657 500 2746 μὲν
543 2657 647 2746 ἄρ’
700 2657 847 2725 ἔνθ’
898 2654 1146 2742 ἦλθον,
1193 2661 1454 2743 σπουδῇ
1501 2656 1563 2725 δ’
1614 2658 1864 2743 ἤλυξαν
1909 2660 2198 2746 ὄλεθρον

261 2768 534 2853 ἄνδρες,
580 2765 743 2850 ἀτὰρ
788 2766 954 2849 νῆάς
995 2788 1070 2848 γε
1116 2763 1268 2831 ποτὶ
1312 2766 1744 2830 σπιλάδεσσιν
1788 2763 1985 2844 ἔαξαν

258 2871 492 2958 κύματ’
513 2893 530 2910 ·
575 2871 737 2957 ἀτὰρ
780 2871 898 2948 τὰς
940 2870 1130 2936 πέντε
1176 2870 1330 2948 νέας
1371 2874 1948 2957 κυανοπρωρείους

260 2981 578 3069 Αἰγύπτῳ
624 2978 938 3045 ἐπέλασσε
983 2976 1208 3063 φέρων
1255 2977 1493 3061 ἄνεμός
1537 3000 1606 3043 τε
1650 2976 1763 3044 καὶ
1805 2976 2007 3063 ὕδωρ.
2170 2994 2274 3044 300

260 3083 349 3165 ὥς
395 3086 432 3152 ὁ
476 3082 600 3171 μὲν
642 3087 811 3152 ἔνθα
855 3087 1070 3151 πολὺν
1112 3086 1344 3167 βίοτον
1389 3080 1497 3149 καὶ
1543 3083 1794 3169 χρυσὸν
1838 3080 2122 3167 ἀγείρων

260 3195 462 3278 ἠλᾶτο
509 3191 628 3271 ξὺν
672 3188 871 3276 νηυσὶ
914 3186 1056 3257 κατ’
1110 3188 1526 3273 ἀλλοθρόους
1569 3188 1996 3274 ἀνθρώπους·

259 3303 473 3386 τόφρα
520 3294 593 3364 δὲ
636 3293 817 3363 ταῦτ’
873 3301 1201 3378 Αἴγισθος
1246 3295 1530 3380 ἐμήσατο
1576 3299 1801 3360 οἴκοθι
1846 3295 2074 3379 λυγρά.

259 3405 555 3482 ἑπτάετες
597 3400 660 3470 δ’
710 3403 957 3487 ἤνασσε
1001 3403 1450 3488 πολυχρύσοιο
1496 3404 1849 3485 Μυκήνης,
2165 3416 2269 3467 806

258 3513 513 3587 κτείνας
549 3505 917 3595 Ἀτρεΐδην,
963 3506 1247 3591 δέδμητο
1295 3503 1368 3573 δὲ
1414 3508 1571 3584 λαὸς
1614 3504 1729 3572 ὑπ’
1782 3506 1977 3595 αὐτῷ.
2164 3521 2269 3571 304.
