2646 3932
1023 198 1438 249 οΔΤΣΣΕῙΑΣ
1475 199 1568 250 XI.
2179 194 2297 259 181

292 342 521 421 μῦθον
567 333 630 403 δ’
683 339 772 415 ὡς
818 333 912 404 ὅτ’
963 338 1191 417 ἀοιδὸς
1234 336 1678 423 ἐπισταμένως
1721 336 2083 422 κατέλεξας,

289 443 557 509 πάντων
602 442 659 509 τ’
711 439 1022 529 Ἀργείων
1069 444 1182 511 σέο
1225 441 1285 510 τ’
1336 445 1543 511 αὐτοῦ
1587 444 1791 529 κήδεα
1836 444 2066 530 λυγρά.

295 543 438 614 ἀλλ’
489 550 607 632 ἄγε
652 574 765 635 μοι
809 552 961 616 τόδε
1007 547 1147 616 εἰπὲ
1190 549 1301 617 καὶ
1349 549 1666 635 ἀτρεκέως
1709 549 2092 633 κατάλεξον,
2210 566 2313 615 370

294 661 361 720 εἴ
397 678 583 733 τινας
628 654 959 721 ἀντιθέων
1006 654 1258 742 ἑτάρων
1303 657 1471 739 ἴδες,
1519 657 1591 722 οἵ
1630 680 1735 722 τοι
1779 650 1891 740 ἅμ’
1943 655 2118 743 αὐτῷ

279 759 486 827 Ἴλιον
530 763 626 840 εἰς
670 757 781 847 ἅμ’
831 761 1071 828 ἕποντο
1114 760 1226 827 καὶ
1272 762 1481 827 αὐτοῦ
1525 764 1778 847 πότμον
1823 760 2126 827 ἐπέσπον.

289 865 409 945 νὺξ
456 863 520 933 δ’
567 869 686 952 ἥδε
733 869 906 953 μάλα
952 867 1197 953 μακρή,
1243 867 1649 954 ἀθέσφατος·
1697 866 1862 934 οὐδέ
1901 890 2001 933 πω
2050 868 2186 952 ὥρη

297 972 520 1039 εὕδειν
565 974 638 1039 ἐν
683 975 978 1063 μεγάρῳ,
1026 977 1112 1040 σὺ
1160 973 1238 1040 δέ
1277 998 1392 1060 μοι
1438 973 1583 1058 λέγε
1628 972 1912 1040 θέσκελα
1958 976 2134 1061 ἔργα.

288 1081 407 1144 καί
442 1103 558 1145 κεν
604 1079 670 1158 ἐς
713 1080 810 1164 ἠῶ
858 1083 1013 1146 δῖαν
1059 1080 1498 1165 ἀνασχοίμην,
1546 1081 1653 1146 ὅτε
1698 1104 1811 1165 μοι
1856 1083 1941 1145 σὺ
2208 1097 2311 1146 375

290 1188 518 1269 τλαίης
563 1185 636 1251 ἐν
681 1186 943 1275 μεγάρῳ
989 1187 1070 1251 τὰ
1115 1188 1201 1252 σὰ
1244 1185 1450 1270 κήδεα
1494 1185 1994 1271 μυθήσασθαι.“

375 1292 494 1356 τὸν
540 1286 600 1356 δ’
642 1291 1162 1377 ἀπαμειβόμενος
1203 1292 1508 1379 προσέφη
1544 1292 1907 1376 πολύμητις
1937 1286 2311 1369 Ὀδυσσεύς·

290 1390 619 1478 ,,Ἀλκίνοε
662 1409 919 1485 κρεῖον,
963 1399 1231 1464 πάντων
1276 1397 1634 1484 ἀριδείκετε
1676 1401 1887 1479 λαῶν,

288 1502 426 1587 ὥρη
473 1499 595 1587 μὲν
639 1503 898 1570 πολέων
941 1505 1212 1589 μύθων,
1260 1504 1399 1589 ὥρη
1449 1500 1522 1570 δὲ
1568 1501 1677 1568 καὶ
1719 1502 1966 1569 ὕπνου·

287 1609 351 1674 εἰ
392 1603 456 1673 δ’
506 1604 596 1674 ἔτ’
649 1607 1048 1694 ἀκουέμεναί
1085 1633 1161 1692 γε
1207 1613 1520 1693 λιλαίεαι,
1568 1608 1690 1674 οὐκ
1736 1607 1820 1674 ἂν
1866 1608 1992 1692 ἐγώ
2040 1632 2114 1692 γε
2205 1625 2307 1676 330

285 1715 541 1781 τούτων
587 1732 695 1781 σοι
740 1712 1102 1800 φθονέοιμι
1145 1713 1257 1781 καὶ
1302 1709 1661 1801 οἰκτρότερ’
1712 1710 1855 1780 ἄλλ’
1908 1714 2282 1799 ἀγορεύειν,

286 1816 471 1905 κήδε’
521 1821 697 1906 ἐμῶν
743 1820 1027 1905 ἑτάρων,
1076 1823 1147 1886 οἳ
1187 1822 1270 1904 δὴ
1318 1823 1720 1905 μετόπισθεν
1765 1822 2031 1904 ὄλοντο,

288 1930 359 1993 οἳ
406 1927 654 2012 Τρώων
700 1923 822 2012 μὲν
868 1925 1289 2013 ὑπεξέφυγον
1335 1928 1737 1993 στονόεσσαν
1783 1923 2021 2011 ἀυτήν,

291 2031 366 2097 ἐν
409 2035 624 2122 νόστῳ
674 2028 737 2099 δ’
789 2032 1117 2099 ἀπόλοντο
1161 2042 1367 2116 κακῆς
1414 2035 1619 2118 ἰότητι
1663 2036 1993 2116 γυναικός.

379 2139 586 2224 αὐτὰρ
634 2137 774 2205 ἐπεὶ
817 2141 1032 2223 ψυχάς
1077 2135 1199 2223 μὲν
1245 2133 1633 2204 ἀπεσκέδασ’
1685 2139 1956 2216 ἄλλυδις
1993 2140 2157 2226 ἄλλῃ
2204 2156 2306 2207 335

286 2243 454 2328 ἁγνὴ
504 2248 963 2331 Περσεφόνεια
1004 2255 1342 2328 γυναικῶν
1384 2245 1848 2331 θηλυτεράων,

285 2344 454 2432 ἦλθε
501 2345 565 2416 δ’
615 2350 721 2417 ἐπὶ
763 2352 941 2437 ψυχὴ
982 2346 1465 2435 Ἀγαμέμνονος
1504 2345 1837 2437 Ἀτρεΐδαο

286 2456 649 2542 ἀχνυμένη·
693 2454 846 2541 περὶ
891 2450 954 2522 δ’
1005 2457 1199 2521 ἄλλαι
1243 2451 1635 2542 ἀγηγέραθ’,
1682 2456 1872 2522 ὅσσοι
1916 2451 2027 2540 ἅμ’
2077 2457 2255 2547 αὐτῷ

288 2570 448 2653 οἴκῳ
495 2562 569 2628 ἐν
614 2564 976 2646 Αἰγίσθοιο
1020 2562 1242 2627 θάνον
1284 2559 1396 2626 καὶ
1439 2564 1693 2647 πότμον
1738 2561 2039 2628 ἐπέσπον.

288 2672 458 2753 ἔγνω
507 2663 571 2732 δ’
620 2663 763 2746 αἶψ’
805 2663 905 2753 ἔμ’
947 2667 1218 2751 ἐκεῖνος,
1266 2665 1407 2733 ἐπεὶ
1442 2671 1593 2732 πίεν
1628 2659 1787 2752 αἷμα
1821 2671 2155 2736 κελαινόν·
2200 2687 2302 2737 390

280 2782 465 2842 κλαῖε
513 2769 576 2840 δ’
628 2772 668 2840 ὅ
712 2797 786 2858 γε
833 2773 1065 2858 λιγέως
1108 2774 1403 2858 θαλερὸν
1448 2773 1610 2838 κατὰ
1657 2773 1951 2860 δάκρυον
1995 2779 2224 2862 εἴβων,

279 2882 514 2959 πιτνὰς
560 2883 655 2959 εἰς
700 2877 811 2966 ἐμὲ
855 2890 1106 2967 χεῖρας,
1155 2878 1515 2966 ὀρέξασθαι
1560 2882 1950 2963 μενεαίνων·

280 2983 422 3054 ἀλλ’
474 2987 558 3053 οὐ
602 2987 731 3072 γάρ
778 2987 850 3052 οἱ
888 2980 978 3052 ἔτ’
1027 2981 1115 3069 ἦν
1158 2986 1222 3062 ἲς
1264 2987 1544 3069 ἔμπεδος
1590 2984 1753 3050 οὐδέ
1792 3009 1856 3050 τι
1899 2997 2115 3071 κῖκυς,

279 3094 386 3177 οἵη
433 3114 556 3179 περ
600 3093 810 3177 πάρος
853 3094 1044 3157 ἔσκεν
1089 3089 1191 3157 ἐνὶ
1235 3101 1632 3175 γναμπτοῖσι
1676 3089 1999 3176 μέλεσσιν.

277 3201 396 3266 τὸν
441 3195 564 3284 μὲν
607 3196 735 3282 ἐγὼ
784 3199 1084 3285 δάκρυσα
1130 3198 1296 3263 ἰδὼν
1342 3195 1577 3281 ἐλέησά
1619 3219 1690 3262 τε
1734 3203 1964 3286 θυμςῦ,
2198 3215 2300 3265 396

276 3308 400 3370 καί
439 3328 555 3390 μιν
600 3303 918 3390 φωνήσας
963 3307 1118 3370 ἔπεα
1163 3305 1521 3388 πτερόεντα
1563 3303 1991 3389 προσηύδων·

276 3408 593 3497 ,Ἀτρεΐδη
639 3411 938 3492 κύδιστε,
985 3409 1148 3490 ἄναξ
1193 3409 1461 3495 ἀνδρῶν
1499 3406 1935 3494 Ἀγάμεμνον,

272 3519 375 3595 τίς
419 3517 507 3582 νύ
552 3533 627 3582 σε
673 3516 801 3602 κὴρ
848 3514 1177 3600 ἐδάμασσε
1220 3513 1613 3600 τανηλεγέος
1655 3515 2006 3595 navatam
