2646 3932
1027 182 1444 233 οΔΤΣΣΕΙΑΣ
1480 184 1547 236 x,
2178 179 2316 256 167,

283 326 541 410 βόθρον
587 323 849 410 ὀρύξαι,
896 323 1059 390 ὅσον
1102 346 1172 389 τε
1218 323 1602 407 πυγούσιον
1635 326 1804 389 ἔνθα
1847 321 1958 389 καὶ
2003 326 2201 406 ἔνθα,

284 425 448 515 ἀμφ’
500 428 676 518 αὐτῷ
724 426 797 495 δὲ
842 430 1008 514 χοὴν
1051 434 1317 513 χεῖσθαι
1362 438 1566 495 πᾶσιν
1608 430 1987 512 νεκύεσσιν,

281 545 508 621 πρῶτα
551 536 947 622 μελικρήτῳ,
992 532 1332 619 μετέπειτα
1378 531 1450 600 δὲ
1494 533 1642 619 ἡδέι
1688 540 1880 624 οἴνῳ,

281 642 356 705 τὸ
385 641 612 725 τρίτον
640 633 800 704 αὖθ’
833 638 1054 704 ὕδατι·
1083 636 1190 704 ἐπὶ
1220 633 1281 704 δ’
1314 639 1560 724 ἄλφιτα
1587 639 1788 705 λευκά
1813 641 2151 706 παλύνειν.
2199 657 2304 705 520

151 766 170 782 ·
282 746 494 811 πολλὰ
540 742 615 811 δὲ
658 750 1079 828 γουνοῦσθαι
1122 745 1382 809 νεκύων
1428 743 1722 829 ἀμενηνὰ
1765 746 2053 832 κάρηνα,

283 852 504 918 ἐλθὼν
549 853 645 928 εἰς
682 845 951 935 Ἰθάκην
998 862 1264 935 στεῖραν
1310 853 1510 933 βοῦν,
1556 850 1598 933 ἥ
1642 874 1742 929 τις
1789 851 2054 938 ἀρίστη,

283 957 496 1043 ῥέξειν
539 957 613 1023 ἐν
657 958 1002 1042 μεγάροισι
1055 958 1277 1042 πυρήν
1319 950 1380 1021 τ’
1432 954 1842 1040 ἐμπλησέμεν
1887 956 2172 1039 ἐσθλῶν,

289 1064 589 1149 Τειρεσίῃ
636 1057 700 1126 δ’
749 1060 1129 1127 ἀπάνευθεν
1176 1062 1282 1126 ὄιν
1330 1059 1707 1146 ἱερευσέμεν
1752 1067 1872 1150 οἴῳ

280 1162 674 1252 παμμέλαν’,
722 1166 795 1245 ὃς
838 1170 1107 1252 μήλοισι
1149 1166 1545 1253 μεταπρέπει
1591 1166 2025 1254 ὑμετέροισιν.
2200 1185 2301 1235 525
2389 1196 2395 1207 ·

282 1274 491 1360 αὐτὰρ
539 1273 706 1357 ἐπὴν
752 1274 984 1359 εὐχῇσι
1030 1276 1181 1359 λίσῃ
1228 1275 1433 1338 κλυτὰ
1479 1276 1681 1340 ἔθνεα
1724 1286 2010 1361 νεκρῶν,

282 1374 430 1444 ἔνθ’
480 1381 587 1446 ὄιν
633 1378 902 1465 ἀρνειὸν
948 1377 1158 1463 ῥέζειν
1202 1379 1426 1462 θῆλύν
1469 1402 1541 1445 τε
1585 1379 1904 1464 μέλαιναν

281 1487 377 1563 εἰς
421 1488 648 1571 ἔρεβος
692 1483 1006 1571 στρέψας,
1053 1485 1252 1562 αὐτὸς
1297 1480 1361 1551 δ’
1412 1485 1748 1571 ἀπονόσφι
1791 1486 2164 1573 τραπέσθαι

283 1588 540 1676 ἰέμενος
584 1601 906 1676 ποταμοῖο
954 1590 1204 1675 ῥοάων·
1250 1593 1420 1658 ἔνθα
1468 1588 1542 1657 δὲ
1586 1590 1827 1657 πολλαὶ

279 1696 486 1783 ψυχαὶ
531 1697 913 1763 ἐλεύσονται
957 1697 1216 1762 νεκύων
1259 1698 1840 1781 κατατεθνηώτων.
2200 1717 2303 1764 530

240 1872 243 1875 ,
282 1805 365 1887 δὴ
411 1799 545 1869 τότ’
599 1798 811 1869 ἔπειθ’
863 1802 1196 1889 ἑτάροισιν
1241 1803 1600 1889 ἐποτρῦναι
1642 1802 1754 1869 καὶ
1800 1803 2047 1884 ἀνῶξαι

280 1914 483 1994 μῆλα,
528 1909 609 1974 τὰ
655 1908 738 1991 δὴ
784 1902 1109 1975 κατάκειτ’
1159 1907 1541 1994 ἐσφαγμένα
1584 1906 1772 1993 νηλέι
1816 1915 2067 1999 χαλκῷ,

282 2015 627 2101 δείραντας
671 2022 1021 2099 κατακῆαι,
1067 2014 1472 2094 ἐπεύξασθαι
1518 2012 1591 2081 δὲ
1636 2022 1930 2100 θεοῖσιν,

285 2122 544 2208 ἰφθίμῳ
590 2113 649 2184 τ’
692 2116 876 2206 Ἀίδῃ
920 2119 1032 2186 καὶ
1079 2119 1312 2207 ἐπαινῇ
1362 2126 1851 2208 Περσεφονείῃ·

282 2226 479 2303 αὐτὸς
526 2222 598 2290 δὲ
646 2225 837 2311 ξίφος
882 2225 999 2307 ὀξὺ
1045 2226 1491 2313 ἐρυσσάμενος
1536 2230 1713 2315 παρά
1757 2238 1975 2315 μηροῦ
2200 2247 2301 2296 535

280 2326 520 2415 ἧσθαι,
566 2328 731 2415 μηδὲ
778 2332 895 2398 ἐᾶν
937 2333 1197 2399 νεκύων
1243 2332 1536 2418 ἀμενηνὰ
1579 2336 1835 2421 κάρηνα

283 2437 554 2520 αἵματος
598 2432 808 2503 ἆσσον
855 2445 1031 2522 ἴμεν,
1075 2437 1236 2523 πρὶν
1289 2442 1628 2525 Τειρεσίαο
1674 2440 2034 2507 πυθέσθαι.

281 2544 452 2608 ἔνθα
495 2566 600 2608 τοι
646 2542 881 2608 αὐτίκα
926 2545 1159 2627 μάντις
1204 2544 1567 2628 ἐλεύσεται,
1616 2546 1859 2631 ὄρχαμε
1907 2552 2115 2631 λαῶν,

281 2649 355 2726 ὅς
398 2647 515 2714 κέν
559 2671 664 2714 τοι
711 2655 972 2734 εἴπῃσιν
1019 2650 1182 2716 ὁδὸν
1225 2648 1337 2716 καὶ
1382 2649 1585 2737 μέτρα
1629 2652 1958 2724 κελεύθου

279 2758 525 2821 νόστον
568 2751 673 2836 θ’,
720 2754 809 2831 ὡς
857 2753 962 2820 ἐπὶ
1006 2759 1254 2822 πόντον
1301 2755 1598 2823 ἐλεύσεαι
1646 2750 2043 2842 ἰχθυόεντἀἕ
2197 2775 2300 2825 540

370 2856 459 2938 ὧς
504 2858 720 2944 ἔφατ’,
767 2861 1002 2926 αὐτίκα
1047 2858 1122 2927 δὲ
1166 2864 1629 2947 χρυσόθρονος
1671 2863 1929 2945 ἤλυθεν
1968 2862 2153 2942 Ἠώς.

282 2964 451 3051 ἀμφὶ
498 2964 579 3031 δέ
617 2990 696 3051 με
740 2968 1020 3051 χλαῖνάν
1064 2990 1134 3032 τε
1179 2967 1424 3050 χιτῶνά
1466 2990 1537 3033 τε
1583 2968 1813 3051 εἵματα
1857 2968 2077 3036 ἕσσεν·

282 3072 447 3156 αὐτὴ
494 3071 556 3137 δ’
610 3072 950 3159 ἀργύφεον
996 3084 1209 3160 φᾶρος
1253 3073 1420 3158 μέγα
1464 3072 1700 3140 ἕννυτο
1745 3074 2007 3160 νύμφη,

281 3180 520 3244 λεπτὸν
561 3177 672 3244 καὶ
716 3183 975 3266 χαρίεν,
1023 3179 1173 3265 περὶ
1220 3176 1292 3245 δὲ
1342 3180 1553 3264 ζώνην
1597 3178 1815 3263 βάλετ’
1871 3179 2010 3259 ἰξυῖ

278 3285 490 3367 καλὴν
533 3287 878 3370 χρυσείην,
923 3291 1178 3371 κεφαλῇ
1227 3283 1289 3352 δ’
1344 3284 1624 3368 ἐπέθηκε
1669 3287 2065 3373 καλύπτρην.
2195 3306 2296 3356 545

279 3390 490 3476 αὐτὰρ
534 3389 662 3473 ἐγὼ
711 3390 821 3456 διὰ
868 3389 1113 3474 δώματ’
1168 3393 1289 3456 ἰὼν
1336 3392 1638 3476 ὤτρυνον
1684 3389 1983 3477 ἑταίρους

277 3499 624 3583 μειλιχίοις
669 3495 928 3563 ἐπέεσσι
972 3498 1398 3584 παρασταδὸν
1444 3497 1658 3581 ἄνδρα
1703 3494 2007 3563 ἕκαστον·
