2646 3932
383 186 467 250 12
1124 185 1543 239 οΔΤΣΣΕΙΑΣ
1577 185 1642 237 Α.

376 333 658 415 κλίμακα
705 326 770 395 δ’
821 328 1088 413 ὑψηλὴν
1132 329 1527 411 κατεβήσετο
1573 318 1678 393 οἷο
1725 327 1991 410 δόμοιο,
2303 342 2406 392 330

380 435 504 502 οὐκ
549 441 688 518 οἴη,
735 434 868 517 ἅμα
912 442 991 519 τῇ
1036 456 1111 517 γε
1155 430 1268 498 καὶ
1312 431 1680 518 ἀμφίπολοι
1725 429 1834 497 δύ’
1886 429 2142 498 ἕποντο.

378 540 421 624 ἡ
469 538 532 606 δ’
584 540 692 605 ὅτε
740 540 824 622 δὴ
870 547 1247 623 μνηστῆρας
1293 538 1566 622 ἀφίκετο
1613 539 1726 603 δῖα
1769 548 2137 621 γυναικῶν,

381 653 500 730 στῆ
548 644 633 730 ῥα
675 646 853 729 παρὰ
898 645 1202 729 σταθμὸν
1244 642 1467 727 τέγεος
1510 642 1686 708 πύκα
1729 653 2032 727 ποιητοῖο

381 752 545 817 ἄντα
588 751 925 837 παρειάων
970 749 1256 835 σχομένη
1305 750 1548 834 λιπαρὰ
1592 751 1954 836 κρήδεμνα·

382 857 756 941 ἀμφίπολος
803 853 864 921 δ’
918 857 1046 941 ἄρα
1092 858 1162 921 οἰ
1201 857 1402 940 κεδνὴ
1450 854 1760 942 ἑκάτερθε
1804 854 2110 943 παρέστη.
2301 870 2406 920 335

382 961 767 1046 δακρύσασα
813 960 875 1027 δ’
928 964 1149 1027 ἔπειτα
1192 962 1543 1047 προσηύδα
1584 967 1781 1027 θετον
1827 961 2087 1027 ἀοιδόν·

382 1070 667 1152 ,,Φήμιε,
712 1069 925 1134 πολλὰ
969 1068 1096 1152 γάρ
1142 1069 1310 1133 ἄλλα
1354 1071 1615 1153 βροτῶν
1657 1071 2018 1154 θελκτήρια
2063 1062 2280 1150 οἶδας,

381 1170 521 1259 ἔργ’
574 1172 842 1259 ἀνδρῶν
886 1197 956 1239 τε
1001 1179 1186 1239 θεῶν
1229 1197 1332 1257 τε,
1377 1174 1459 1239 τά
1500 1196 1572 1240 τε
1616 1177 1954 1239 κλείουσιν
2000 1172 2246 1239 ἀοιδοί·

379 1290 517 1344 τῶν
562 1278 637 1345 ἕν
681 1277 763 1362 γέ
804 1296 972 1365 σφιν
1016 1280 1195 1345 ἄειδε
1239 1282 1647 1365 παρήμενος,
1693 1279 1765 1344 οἱ
1805 1275 1879 1345 δὲ
1923 1287 2138 1364 σιωπῆ

382 1380 572 1451 οἶνον
617 1387 977 1450 πινόντων·
1020 1386 1262 1470 ταύτης
1309 1383 1371 1451 δ’
1425 1382 1746 1451 ἀποπαύε’
1802 1384 2032 1468 ἀοιδῆς
2299 1399 2405 1449 340

382 1495 659 1577 λυγρῆς,
705 1491 747 1574 ἥ
793 1489 869 1556 τέ
909 1513 1023 1574 μοι
1067 1487 1215 1556 αἰὲν
1260 1487 1364 1555 ἐνὶ
1409 1492 1729 1574 στήθεσσι
1775 1494 1977 1574 φίλον
2021 1499 2146 1577 κῆρ

380 1598 610 1683 τείρει,
657 1596 803 1661 ἐπεί
841 1621 920 1681 με
965 1597 1245 1680 μάλιστα
1289 1599 1600 1662 καθίκετο
1645 1595 1897 1673 πένθος
1942 1598 2247 1662 ἄλαστον.

379 1704 571 1785 τοίην
613 1705 741 1787 γὰρ
785 1704 1084 1789 κεφαλὴν
1126 1700 1354 1768 ποθέω
1400 1701 1776 1787 μεμνημένη
1823 1704 1982 1786 αἰεί,

386 1806 679 1893 [ἀνδρός,
706 1818 828 1874 τοῦ
846 1805 1036 1884 κλέος
1053 1807 1217 1893 εὐρὺ
1234 1805 1391 1873 καθ’
1417 1805 1836 1889 Ἑλλάδαχκαὶ
1853 1806 2060 1892 μέσον
2068 1807 2402 1895 Ἅργος].“

471 1914 594 1998 τὴν
641 1911 702 1979 δ’
755 1908 843 1981 αὖ
897 1913 1274 1999 Τηλέμαχος
1317 1912 1733 1998 πεπνυμένος
1777 1913 2007 1981 ἀντίον
2050 1916 2251 2000 ηὔδα·
2298 1931 2401 1982 345

383 2028 630 2107 ,,μῆτερ
678 2020 831 2105 ἐμή,
878 2024 949 2086 τί
986 2018 1044 2086 τ’
1099 2022 1227 2107 ἄρα
1272 2018 1590 2105 φθονέεις
1635 2019 1902 2106 ἐρίηρον
1948 2021 2180 2088 ἀοιδὸν

381 2123 674 2212 τέρπειν,
723 2127 898 2212 ὅππη
946 2127 1017 2193 οἱ
1054 2128 1213 2203 νόος
1259 2127 1560 2211 ὅρνυται;
1609 2127 1692 2192 οὔ
1737 2127 1823 2191 νύ
1866 2124 1924 2192 τ’
1977 2126 2197 2194 ἀοιδοὶ

384 2237 615 2314 αἴτιοι,
663 2231 830 2298 ἀλλά
873 2238 1041 2298 ποθι
1089 2234 1257 2308 Ζεὺς
1301 2238 1541 2314 αἴτιος,
1588 2232 1662 2309 ὅς
1703 2255 1774 2298 τε
1820 2234 2100 2299 δίδωσιν

383 2335 710 2421 ἀνδράσιν
757 2337 1207 2423 ἀλφηστῇσιν,
1253 2337 1431 2415 ὅπως
1475 2336 1819 2423 ἐθέλῃσιν,
1867 2336 2131 2428 ἑκάστω.

381 2443 594 2531 τούτῳ
641 2441 704 2508 δ’
757 2443 840 2509 οὐ
883 2442 1145 2527 νέμεσις
1179 2448 1473 2508 Δαναῶν
1513 2445 1717 2509 κακὸν
1753 2438 1937 2509 οἶτον
1973 2443 2248 2512 ἀείδειν·
2293 2465 2398 2516 350

381 2549 505 2632 τὴν
548 2550 674 2634 γὰρ
723 2549 960 2633 ἀοιδὴν
1004 2553 1257 2632 μᾶλλον
1301 2547 1695 2615 έπικλείουσ’
1747 2550 2125 2637 ἄνθρωποι,

382 2654 425 2736 ἤ
469 2676 568 2730 τις
614 2654 1045 2720 ἀκουόντεσσι
1089 2656 1378 2738 νεωτάτη
1426 2654 1885 2740 ἀμφιπέληται.

383 2757 492 2824 σοὶ
538 2757 602 2825 δ’
656 2758 1060 2845 ἐπιτολμάτω
1106 2762 1343 2846 κραδίη
1389 2759 1500 2827 καὶ
1541 2762 1761 2846 θυμὸς
1805 2762 2099 2829 ἀκούειν·

384 2864 466 2930 οὐ
508 2866 636 2950 γάρ
677 2863 1031 2943 Ὀδυσσεὺς
1077 2862 1217 2944 οἷος
1262 2867 1553 2932 ἀπώλεσε
1598 2870 1915 2952 νόστιμον
1956 2863 2133 2956 ἦμαρ

382 2969 457 3034 ἐν
510 2974 745 3057 Τροίῃ,
790 2971 1027 3037 πολλοὶ
1074 2968 1148 3038 δὲ
1192 2971 1302 3037 καὶ
1349 2975 1539 3039 ἄλλοι
1585 2985 1798 3057 φῶτες
1843 2975 2096 3040 ὄλοντο.
2293 2993 2396 3043 355

386 3074 557 3157 [ἀλλ’
612 3079 706 3154 είς
751 3073 939 3143 οἷκον
984 3079 1181 3143 ἰοῦσα
1224 3079 1305 3144 τά
1352 3075 1413 3143 σ’
1466 3079 1669 3162 αὐτῆς
1715 3081 1874 3164 ἔργα
1918 3082 2166 3164 κόμιζε,

385 3182 571 3246 ίστόν
615 3180 673 3247 τ’
725 3184 1060 3267 ἠλακάτην
1101 3207 1201 3266 τε,
1247 3182 1358 3250 καὶ
1404 3183 1838 3270 ἀμφιπόλοισι
1881 3184 2106 3252 κέλευε

383 3290 582 3372 ἔργον
628 3287 1039 3373 ἐποίχεσθαι·
1084 3295 1303 3374 μῦθος
1350 3287 1411 3354 δ’
1464 3290 1780 3377 ἄνδρεσσι
1823 3294 2090 3375 μελήσει

382 3402 571 3477 πᾶσι,
608 3396 889 3478 μάλιστα
925 3391 987 3459 δ’
1033 3394 1206 3478 ἐμοί·
1241 3405 1364 3461 τοῦ
1398 3397 1526 3482 γὰρ
1561 3396 1799 3482 κράτος
1829 3394 1961 3461 ἔστ’
2005 3395 2106 3463 ἐνὶ
2145 3399 2397 3487 οῐκφ.]“

467 3499 510 3583 ἡ
555 3496 678 3584 μὲν
721 3503 1123 3585 θαμβήσασα
1167 3502 1370 3567 πάλιν
1416 3502 1677 3567 οἰκόνδε
1721 3504 2054 3586 βεβήκειν·
2294 3519 2397 3570 360
