2646 3932
341 195 519 251 XVIII
1145 195 1542 252 SUMMARJA.

339 366 643 424 auctorem
686 364 921 424 sceleris
985 368 1229 424 accusat
1291 356 1717 446 (409—451).
1810 363 1933 423 Sub
1986 366 2221 424 noctem
2266 363 2343 423 ad

337 450 573 511 Ulixem
632 470 840 512 rursus
900 453 1392 512 transformatum
1454 455 1517 511 et
1575 452 1767 512 filium
1824 452 1952 512 eius
2007 452 2165 512 redit
2220 452 2339 510 Eu-

337 557 542 599 maeus
588 533 1014 622 (452—481).

1239 693 1445 759 XVII.

467 804 814 882 Insequenti
867 805 961 865 die
1016 806 1403 866 Telemachus
1456 810 1628 882 patre
1680 807 1743 865 in
1797 807 2005 867 urbem
2065 808 2341 886 ablegato

337 892 464 968 ipse
510 894 716 954 eodem
760 894 1154 970 proficiscitur
1195 886 1259 975 (1
1273 886 1498 975 —30);
1545 896 1868 972 statimque
1907 917 1977 955 ex
2014 897 2205 974 dom0,
2251 914 2342 954 sa-

337 981 551 1041 lutatis
587 982 884 1059 Euryclea
921 984 983 1041 et
1017 986 1223 1061 matre,
1269 985 1554 1058 properat
1587 984 1650 1041 in
1689 984 1904 1062 forum,
1951 988 2024 1043 ut
2059 985 2344 1061 Theocly-

336 1089 579 1130 menum
638 1071 935 1147 hospitem
996 1071 1255 1130 adducat
1313 1062 1424 1151 (31
1437 1062 1653 1152 —83).
1744 1070 1920 1132 Hunc
1980 1072 2088 1132 ubi
2150 1073 2344 1149 epulis

338 1159 593 1237 excepit,
637 1160 817 1219 matri
862 1161 1102 1219 enarrat
1142 1158 1409 1219 ordinem
1450 1159 1945 1238 peregrinationis
1990 1180 2264 1238 quaeque
2308 1181 2345 1220 a

336 1247 607 1312 Menelao
636 1247 939 1307 audierat:
971 1248 1151 1307 simul
1178 1247 1648 1323 Theoclymenus
1674 1249 1915 1327 reginae
1940 1250 2346 1326 propinquum

337 1335 531 1395 Ulixis
591 1335 853 1396 reditum
912 1336 1204 1412 praedicit
1264 1327 1648 1418 (84—165).
1737 1329 1831 1395 Ibi
1893 1357 2100 1397 cenam
2162 1357 2342 1414 appa-

337 1424 610 1484 rantibus
661 1424 856 1501 procis
909 1424 1252 1500 supervenit
1306 1424 1436 1501 ille,
1492 1424 1567 1483 ab
1611 1425 1878 1485 Eumaeo
1934 1426 2178 1504 ductus,
2224 1426 2343 1502 pri·

338 1533 505 1572 mum
550 1532 587 1572 a
630 1512 957 1574 Melanthio
1012 1512 1281 1589 caprario
1338 1512 1560 1571 iniuria
1613 1513 1860 1573 affectus
1913 1507 2342 1661 {166—289).

339 1601 436 1661 Ad
507 1603 712 1661 aulam
781 1620 919 1661 cum
992 1604 1393 1679 accesserunt,
1474 1601 1638 1660 canis
1717 1602 1916 1662 domes
1947 1603 2073 1663 icus
2144 1602 2344 1681 Argus

341 1690 546 1769 agnito
590 1690 828 1751 domino
872 1693 1113 1766 repente
1158 1689 1416 1749 moritur
1459 1681 1527 1770 (2
1537 1682 1886 1776 90—327).
1976 1691 2108 1749 Iam
2151 1690 2346 1767 ipsam

340 1779 584 1839 domum
643 1779 946 1857 ingressus
1008 1798 1045 1837 a
1097 1777 1364 1838 convivis
1422 1778 1733 1838 ambiendo
1799 1778 1959 1838 cibos
2021 1779 2344 1856 mendicat3

343 1885 493 1944 quos
538 1869 601 1926 et
645 1867 1032 1927 Telemachus
1083 1866 1332 1943 praebet
1376 1869 1437 1926 et
1479 1866 1669 1942 proci:
1715 1867 1818 1926 sed
1861 1867 2162 1928 Antinous
2207 1887 2346 1927 eum

342 1955 622 2017 conviciis
677 1958 1052 2017 consectatur
1104 1958 1166 2016 et
1218 1955 1452 2033 ingesto
1508 1954 1791 2034 scabello,
1849 1976 1969 2016 non
2023 1955 2148 2017 sine
2194 1956 2344 2015 indi-

340 2045 623 2124 gnatione
695 2048 1026 2106 ceterorum
1091 2063 1408 2120 procorum
1471 2036 1896 2125 (328—491).
2006 2044 2200 2116 Quam
2271 2046 2345 2106 ob

341 2134 763 2194 contumeham
809 2133 968 2193 diras
1003 2133 1266 2193 Antinoo
1313 2132 1640 2209 imprecata
1683 2133 1977 2209 Penelope
2022 2134 2100 2193 ad
2145 2152 2206 2193 se
2252 2153 2344 2192 ar·

341 2223 519 2282 cessit
559 2222 773 2301 virum,
820 2222 871 2281 si
916 2221 1062 2299 quid
1105 2222 1258 2281 forte
1304 2221 1377 2279 de
1413 2220 1585 2280 Ulixe
1632 2221 2000 2300 cognoverit3
2044 2221 2097 2281 is
2142 2225 2346 2282 autem

338 2311 402 2370 in
429 2310 797 2387 colloquium
821 2312 1144 2371 venturum
1170 2328 1295 2368 sese
1323 2308 1402 2368 ad
1426 2326 1735 2384 vesperam
1761 2309 2080 2385 pollicetur
2096 2302 2339 2392 (492—

341 2393 516 2481 584).
607 2399 834 2459 Eodem
868 2401 1134 2475 tempore
1170 2398 1233 2455 in
1270 2415 1484 2475 agrum
1518 2398 1674 2456 redit
1707 2397 2030 2477 Eumaeus,
2069 2402 2344 2458 manente

339 2487 512 2547 Ulixe
559 2479 626 2569 (5
635 2489 801 2547 85
813 2478 986 2565 606).

1226 2638 1463 2704 XVIII.

469 2753 842 2813 Mendicante
901 2751 1063 2828 apud
1123 2769 1333 2828 procos
1379 2750 1551 2810 Ulixe
1615 2751 1772 2810 alius
1823 2751 2130 2810 mendicus
2183 2770 2345 2811 acce-

339 2843 430 2903 dit
481 2862 553 2902 ex
603 2841 775 2919 urbe,
828 2840 987 2918 IruS,
1041 2842 1115 2899 ut
1165 2839 1341 2898 illum
1386 2839 1457 2898 de
1510 2839 1751 2915 proprio
1805 2839 2009 2899 limine
2065 2839 2347 2900 detrudat

340 2923 633 3014 (1—13).
715 2929 859 2988 Inde
905 2927 1171 3006 iurgium
1206 2928 1364 2986 inter
1396 2930 1747 3004 utrumque3
1791 2948 1931 2988 mox
1964 2928 2345 2988 hortantibus

339 3023 401 3080 et
444 3018 776 3096 praemium
820 3016 1178 3094 ponentibus
1222 3015 1418 3092 procis
1463 3015 1623 3076 iusto
1670 3017 1990 3076 certamine
2035 3017 2347 3076 luctantur

338 3102 538 3191 (14—
464 3099 722 3187 —100).
811 3106 1021 3165 Victor
1053 3104 1256 3164 Ulixes
1302 3104 1652 3164 seminecem
1686 3104 1853 3164 Irum
1897 3107 2064 3164 extra
2099 3105 2345 3164 ianuam

339 3196 579 3274 proicit.
642 3194 1039 3271 Amphinomo
1095 3196 1323 3271 autem,
1378 3192 1487 3251 uni
1540 3213 1611 3251 ex
1661 3193 1880 3271 prociS,
1939 3193 2345 3271 propinquum

338 3286 497 3364 regis
533 3284 858 3344 adventum
900 3285 962 3342 et
995 3302 1240 3361 gravem
1274 3281 1569 3342 ultionem
1598 3281 1889 3358 praedicit
1915 3274 2159 3364 (101—
2083 3284 2293 3342 157
2299 3274 2344 3362 )

339 3375 634 3453 Degressa
686 3391 893 3431 rursus
956 3371 1020 3430 in
1074 3373 1434 3433 conventum
1484 3370 1750 3430 virorum
1803 3371 2096 3447 Penelope
2154 3370 2347 3430 filium

340 3464 412 3523 de
465 3481 621 3524 nova
664 3461 1026 3522 contumelia
1067 3460 1270 3520 miseri
1312 3459 1567 3537 hospitis
1611 3459 1890 3538 obiurgat
1918 3450 2346 3541 (158—243),

341 3556 402 3611 et
455 3551 673 3612 callida
737 3550 1003 3611 oratione
1072 3549 1273 3609 studia
1337 3567 1652 3625 procorum
1705 3548 2007 3624 experiens
2062 3567 2346 3624 spemque
