2646 3932
348 170 436 233 24
1105 173 1523 225 οΔΤΣΣΕιΑΣ
1557 175 1621 227 B.

349 314 414 380 εί
454 318 803 381 πλεόνεσσι
839 316 1139 400 μάχοιτο·
1184 318 1271 381 σὺ
1317 313 1380 381 δ’
1432 315 1517 381 οὐ
1559 316 1724 381 κατὰ
1768 326 2011 402 μοῖραν
2055 318 2279 393 ἔειπες.

347 417 490 485 ἀλλ’
543 421 659 503 ἄγε
671 468 691 504 ,
738 419 888 487 λαοὶ
933 418 1055 506 μὲν
1100 418 1455 488 σκίδνασθ’
1508 418 1616 487 ἐπὶ
1660 424 1821 507 ἔργα
1864 419 2164 506 ἕκαστος,

346 525 559 615 τούτω
607 525 670 592 δ’
722 524 1023 613 ὀτρυνέει
1066 525 1355 612 Μέντωρ
1402 527 1566 593 ὁδὸν
1609 523 1718 611 ἠδ’
1761 524 2181 612 Ἁλιθέρσης,

348 632 420 696 οἵ
457 629 534 697 τέ
565 632 637 697 οί
676 631 743 712 ἔξ
790 631 994 717 ἀρχῆς
1037 632 1368 718 πατρώιοί
1406 634 1578 699 εἰσιν
1623 630 1889 718 ἑταῖροι.

346 733 491 801 ἀλλ’
543 736 694 821 ὀίω,
738 736 851 803 καὶ
897 738 1077 821 δηθὰ
1119 740 1499 822 καθήμενος
1542 737 1913 822 ἀγγελιάων
2264 757 2368 806 265

345 841 657 908 πεύσεται
703 845 803 908 εἰν
842 840 1099 928 Ἰθάκῃ,
1153 841 1360 910 τελέει
1406 840 1469 910 δ’
1522 843 1685 910 ὁδὸν
1728 844 1812 910 οὔ
1855 865 2014 910 ποτε
2059 846 2367 930 ταύτην.“

437 940 529 1023 ὧς
574 944 680 1033 ἄρ’
734 946 1112 1032 ἐφώνησεν,
1160 953 1365 1015 λῦσεν
1411 946 1474 1014 δ’
1527 948 1782 1035 ἀγορὴν
1826 952 2135 1035 αἰψηρήν.

351 1052 425 1119 οἰ
464 1049 586 1137 μὲν
631 1050 737 1138 ἄρ’
790 1052 1178 1121 ἐσκίδναντο
1225 1053 1300 1121 ἑὰ
1344 1055 1510 1140 πρὸς
1556 1053 1815 1140 δώμαθ’
1866 1054 2165 1141 ἕκαστος,

347 1167 715 1245 μνηστῆρες
761 1156 824 1224 δ’
878 1159 945 1237 ἔς
990 1156 1237 1244 δώματ’
1290 1165 1446 1226 ἴσαν
1487 1163 1687 1226 θείου
1725 1158 2058 1245 Ὀδυσῆος.

445 1262 820 1350 Τηλέμαχος
856 1263 918 1332 δ’
963 1265 1300 1332 ἀπάνευθε
1336 1267 1501 1332 κιὼν
1528 1263 1634 1332 ἐπὶ
1660 1272 1827 1333 θῖνα
1851 1269 2218 1354 θαλάσσης,
2264 1287 2369 1337 260

349 1380 570 1457 χεῖρας
614 1372 977 1457 νιψάμενος
1021 1377 1256 1455 πολιῆς
1302 1371 1460 1449 ἁλὸς
1504 1369 1714 1455 εὔχετ’
1760 1369 2041 1460 Ἀθήνῃ·

349 1479 604 1562 ,,κλῦθί
632 1498 788 1561 μευ,
834 1474 871 1541 δ
909 1477 1135 1562 χθιζὸς
1177 1476 1340 1553 θεὸς
1381 1476 1633 1558 ἤλυθες
1674 1473 1995 1561 ἡμέτερον
2040 1479 2137 1544 δῶ

348 1585 467 1649 καί
505 1580 572 1667 μ’
625 1581 701 1649 ἔν
744 1578 858 1666 νηὶ
901 1579 1216 1658 κέλευσας
1260 1577 1362 1646 ἐπ’
1414 1578 1753 1667 ἠεροειδέα
1799 1583 2049 1649 πόντον

348 1691 592 1755 νόστον
633 1690 1048 1771 πευσόμενον
1091 1688 1339 1772 πατρὸς
1384 1687 1512 1771 δὴν
1557 1686 1933 1772 οἰχομένοιο

350 1798 691 1881 ἔρχεσθαι·
734 1793 816 1858 τὰ
863 1790 936 1859 δὲ
981 1793 1196 1858 πάντα
1243 1793 1703 1878 διατρίβουσιν
1741 1790 2019 1879 Ἀχαιοί,
2263 1813 2366 1863 265

349 1908 716 1987 μνηστῆρες
763 1896 836 1965 δὲ
882 1899 1163 1985 μάλιστα
1207 1909 1423 1977 κακῶς
1465 1897 2090 1986 ὑπερηνορέοντες.“

438 2003 528 2084 ὧς
571 2002 758 2091 ἔφατ’
810 2005 1194 2091 εὐχόμενος,
1242 2006 1567 2090 σχεδόθεν
1612 2003 1692 2071 δέ
1732 2005 1804 2071 οἱ
1839 2000 2054 2089 ἦλθεν
2091 2005 2339 2092 Ἀθήνη

349 2112 650 2198 Μέντορι
694 2109 1002 2196 εἰδομένη
1048 2107 1214 2195 ἠμὲν
1260 2108 1462 2195 δέμας
1504 2107 1624 2194 ἠδὲ
1668 2107 1782 2175 καὶ
1827 2110 2073 2197 αὐδήν,

350 2222 468 2284 καί
507 2242 623 2304 μιν
667 2215 1011 2303 φωνήσασ’
1065 2220 1222 2282 ἔπεα
1258 2218 1614 2300 πτερόεντα
1658 2217 2034 2300 προσηύδα·

351 2372 395 2409 ,,
406 2321 754 2410 Τηλέμαχ’,
782 2321 930 2390 οὐδ’
964 2324 1204 2389 ὄπιθεν
1229 2322 1430 2399 κακὸς
1456 2323 1679 2387 ἔσσεαι
1705 2318 1854 2386 οὐδ’
1888 2321 2221 2408 ἀνοήμων,
2262 2341 2366 2390 270

351 2431 416 2496 εἰ
456 2431 541 2514 δή
584 2452 690 2495 τοι
735 2438 860 2495 σοῦ
903 2430 1150 2514 πατρὸς
1195 2425 1573 2494 ἐνέστακται
1617 2425 1815 2512 μένος
1857 2427 1975 2513 ἠύ,

356 2528 498 2614 οἶος
538 2545 757 2613 κεῖνος
799 2537 918 2620 ἔην
960 2532 1218 2600 τελέσαι
1262 2535 1462 2618 ἔργον
1504 2555 1575 2598 τε
1620 2535 1777 2610 ἔπος
1817 2553 1917 2599 τε·

352 2643 435 2708 οὔ
478 2664 584 2707 τοι
627 2637 840 2707 ἔπειθ’
892 2638 1044 2724 ἀλίη
1094 2638 1250 2715 ὁδὸς
1293 2640 1553 2704 ἔσσεται
1587 2635 1740 2704 οὐδ’
1793 2637 2151 2716 ἀτέλεστος.

354 2749 445 2829 [εἰ
484 2745 546 2813 δ’
599 2746 683 2812 οὐ
725 2748 953 2812 κείνου
996 2742 1058 2829 γ’
1111 2740 1256 2810 ἐσσὶ
1298 2746 1499 2826 γόνος
1539 2742 1652 2809 καὶ
1698 2747 2178 2828 Πηνελοπείης,

351 2853 436 2919 οὐ
480 2850 561 2919 σέ
598 2849 662 2936 γ’
714 2853 933 2917 ἔπειτα
979 2852 1185 2915 ἔολπα
1227 2850 1675 2933 τελευτήσειν,
1721 2846 1764 2913 ἃ
1809 2857 2138 2934 μενοινᾷς.
2262 2865 2366 2915 275

349 2968 595 3044 παῦροι
636 2958 764 3044 γάρ
808 2979 914 3023 τοι
957 2956 1189 3032 παῖδες
1232 2953 1453 3039 ὁμοῖοι
1496 2949 1696 3038 πατρὶ
1738 2950 2080 3037 πέλονται,

351 3064 424 3131 οἰ
460 3062 732 3142 πλέονες
773 3065 1076 3144 κακίους,
1120 3069 1367 3145 παῦροι
1413 3057 1492 3126 δέ
1530 3082 1600 3125 τε
1644 3061 1889 3145 πατρὸς
1933 3059 2213 3145 ἀρείους.

352 3168 494 3237 ἀλλ’
547 3167 688 3236 ἐπεὶ
732 3165 881 3236 οὐδ’
935 3169 1176 3234 ὄπιθεν
1218 3167 1419 3243 κακὸς
1462 3167 1684 3231 ἔσσεαι
1728 3162 1878 3231 οὐδ’
1931 3164 2276 3249 ἀνοήμων,

351 3273 517 3343 οὐδέ
546 3293 622 3341 σε
665 3275 884 3359 πάγχυ
918 3297 994 3359 γε
1040 3280 1229 3358 μῆτις
1266 3268 1627 3354 Ὀδυσσῆος
1670 3267 2136 3355 προλέλοιπεν,

351 3382 611 3467 ἐλπωρή
655 3403 760 3447 τοι
804 3382 1025 3446 ἔπειτα
1067 3383 1452 3461 τελευτῆσαι
1493 3376 1651 3442 τάδε
1696 3377 1903 3461 ἔργα.]
2261 3391 2367 3442 280

350 3497 440 3578 τῷ
486 3496 615 3553 νῦν
658 3489 1055 3573 μνηστήρων
1100 3480 1223 3569 μὲν
1267 3486 1344 3549 ἔα
1388 3483 1642 3568 βουλήν
1684 3503 1756 3546 τε
1800 3483 1965 3546 νόον
2008 3502 2079 3545 τε
