2646 3932
428 187 553 251 112
1180 189 1596 242 ΟΔΤΣΣΕΙΑΣ
1634 189 1700 241 Θ.

424 329 637 415 δέμνι’
688 326 806 397 ὑπ’
855 332 1147 417 αἰθούσῃ
1192 329 1473 416 θέμεναι
1516 330 1628 397 καὶ
1674 332 1878 416 ῥήγεα
1922 333 2092 398 καλὰ

421 432 750 522 πορφύρε’
805 437 1148 522 ἐμβαλέειν
1193 436 1502 523 στορέσαι
1544 436 1604 503 τ’
1657 437 1995 523 ἐφύπερθε
2041 440 2329 522 τάπητας

421 544 692 625 χλαίνας
735 538 797 608 τ’
849 542 1201 628 ἐνθέμεναι
1248 544 1452 621 οὔλας
1495 544 1928 629 καθύπερθεν
1973 542 2273 609 ἕσασθαι.

421 648 497 712 αί
538 642 601 712 δ’
654 655 808 714 ἴσαν
855 648 926 715 ἐκ
972 650 1286 735 μεγάροιο
1335 650 1495 727 δάος
1539 651 1700 734 μετὰ
1744 647 1973 735 χερσὶν
2018 652 2312 735 ἔχουσαι·

422 753 631 839 αὐτὰρ
680 752 819 820 ἐπεὶ
866 756 1190 840 στόρεσαν
1234 757 1520 820 πυκινὸν
1563 753 1751 840 λέχος
1799 754 2255 839 ἐγκονέουσαι,
2340 773 2446 821 340

419 860 722 944 ὤτρυνον
769 857 831 924 δ’
880 855 1163 943 Ὀδυσῆα
1207 861 1686 945 παριστάμεναι
1733 858 2060 925 ἐπέεσσιν·

421 965 627 1050 ,,ὄρσο
674 964 873 1048 κέων,
922 961 973 1031 ὦ
1022 966 1219 1045 ξεῖνε·
1264 968 1612 1049 πεποίηται
1658 964 1738 1031 δέ
1776 989 1880 1030 τοι
1926 965 2153 1050 εὐνή.“

420 1064 508 1147 ὧς
552 1071 722 1154 φάν,
769 1080 860 1158 τῷ
908 1067 967 1136 δ’
1027 1070 1363 1137 ἀσπαστὸν
1410 1070 1663 1137 ἐείσατο
1707 1077 2131 1155 κοιμηθῆναι.

509 1170 597 1253 ὧς
652 1176 688 1242 ὁ
744 1173 866 1261 μὲν
911 1179 1080 1242 ἔνθα
1125 1178 1417 1242 καθεῦδε
1463 1176 1792 1254 πολύτλας
1840 1178 1985 1254 δῖος
2025 1172 2379 1254 Ὀδυσσεὺς

416 1293 681 1367 τρητοῖς
725 1281 799 1348 ἐν
843 1281 1177 1367 λεχέεσσιν
1221 1278 1336 1347 ὑπ’
1389 1283 1679 1368 αίθούσῃ
1726 1283 2085 1372 ἐριδούπῳ·
2334 1302 2442 1350 345

413 1381 748 1465 Ἀλκίνοος
793 1382 856 1452 δ’
908 1389 1035 1474 ἄρα
1081 1387 1269 1453 λέκτο
1315 1397 1501 1476 μυχῷ
1550 1390 1761 1471 δόμου
1805 1389 2121 1473 ὑψηλοῖο,

417 1494 550 1579 πὰρ
598 1490 672 1558 δὲ
717 1494 886 1577 γυνὴ
935 1492 1253 1559 δέσποινα
1298 1492 1486 1577 λέχος
1531 1495 1821 1579 πόρσυνε
1865 1493 1977 1560 καὶ
2021 1495 2241 1579 εὐνήν.

1024 1904 1692 1983 ΟΔΤΣΣΕΙΑΣ
1747 1907 1837 1986 Θ.

560 2168 1056 2257 Ὀδυσσέως
1110 2168 1544 2258 σύστασις
1598 2170 1819 2266 πρὸς
1874 2178 2282 2258 Φαίακας.

494 2328 701 2422 Ἦμος
747 2334 808 2404 δ’
858 2337 1193 2424 ἠριγένεια
1239 2339 1420 2423 φάνη
1467 2338 1956 2423 ῥοδοδάκτυλος
1995 2338 2195 2422 Ἠώς,

417 2442 655 2529 ὤρνυτ’
710 2439 813 2530 ἄρ’
865 2444 932 2522 ἐξ
977 2445 1175 2528 εὐνῆς
1223 2445 1405 2530 ἱερὸν
1451 2443 1647 2528 μένος
1688 2440 2081 2529 Ἀλκινόοιο,

416 2547 501 2612 ἂν
545 2543 607 2614 δ’
659 2551 785 2635 ἄρα
831 2550 1136 2633 διογενὴς
1182 2546 1353 2635 ὦρτο
1399 2553 1849 2634 πτολίπορθος
1888 2546 2254 2630 Ὀδυσσεύς.

414 2664 629 2719 τοῖσιν
675 2650 737 2719 δ’
786 2653 1136 2740 ἡγεμόνευ’
1192 2656 1373 2740 ι”ερὸν
1417 2654 1614 2740 μένος
1654 2651 2017 2723 Ἀλκινόοιο

420 2762 733 2843 Φαιήκων
780 2755 1125 2847 ἀγορήνδ’,
1171 2761 1213 2845 ἥ
1261 2777 1427 2846 σφιν
1471 2763 1649 2847 παρὰ
1691 2761 1892 2846 νηυσὶ
1936 2761 2219 2829 τέτυκτο.
2402 2782 2432 2828 5

415 2864 725 2942 ἐλθόντες
771 2863 844 2931 δὲ
889 2870 1167 2946 καθῖζον
1212 2864 1317 2931 ἐπὶ
1365 2867 1650 2945 ξεστοῖσι
1695 2870 1993 2934 λίθοισιν

413 2973 713 3054 πλησίον.
804 2970 846 3054 ἡ
895 2967 956 3036 δ’
1009 2972 1136 3038 ἀνὰ
1182 2973 1349 3037 ἄστυ
1394 2970 1715 3060 μετῴχετο
1765 2975 2036 3051 Παλλὰς
2075 2969 2321 3058 Ἀθήνη

413 3075 721 3161 εἰδομένη
768 3079 1005 3162 κήρυκι
1052 3078 1418 3162 δαΐφρονος
1457 3076 1852 3163 Ἀλκινόοιο,

412 3184 655 3247 νόστον
694 3180 1002 3266 Ὀδυσσῆι
1046 3186 1443 3269 μεγαλήτορι
1487 3187 1849 3268 μητιόωσα,

414 3290 529 3353 καί
566 3287 651 3371 ῥα
697 3286 944 3376 ἑκάστω
991 3287 1164 3373 φωτὶ
1207 3288 1655 3374 παρισταμένη
1703 3290 1874 3374 φάτο
1921 3297 2173 3374 μῦθον·
2368 3306 2434 3355 10

416 3391 638 3476 ,,δεῦτ’
691 3395 839 3476 ἄγε,
889 3396 1205 3478 Φαιήκων
1248 3392 1567 3479 ἡγήτορες
1609 3390 1729 3477 ἠδὲ
1774 3393 2114 3479 μέδοντες,

417 3499 510 3575 εἰς
556 3497 808 3583 ἀγορὴν
853 3496 1051 3582 ἰέναι,
1098 3500 1276 3583 ὄφρα
1322 3497 1564 3576 ξείνοιο
1610 3498 1955 3582 πύθησθε,
