2646 3932
1010 151 1427 202 ΟΔΤΣΣΕῙΑΣ
1464 152 1580 202 VII.
2184 147 2312 211 103

292 293 554 386 γείνατο
601 290 712 360 καὶ
754 295 1112 378 Περίβόια,
1158 295 1496 376 γυναικῶν
1541 288 1718 369 εἶδος
1763 292 2028 378 ἀρίστη,

293 399 616 484 ὁπλοτάτη
662 399 965 485 θυγάτηρ
1010 400 1455 482 μεγαλήτορος
1497 396 2030 482 Εὐρυμέδοντος,

294 504 367 582 ὅς
409 503 571 571 ποθ’
623 505 1075 590 ὑπερθύμοισι
1123 504 1557 586 Γιγάντεσσιν
1601 504 1967 587 βασίλευεν.

294 609 437 676 ἀλλ’
491 610 528 676 ὁ
573 607 694 696 μὲν
739 611 941 674 ὤλεσε
989 610 1153 674 λαὸν
1199 608 1613 690 ἀτάσθαλον,
1661 609 1867 674 ὤλετο
1914 603 1976 672 δ’
2031 606 2256 683 αὐτός·

293 725 371 801 τῇ
419 712 491 781 δὲ
538 714 933 780 Ποσειδάων
978 711 1166 797 ἐμίγη
1212 711 1323 777 καὶ
1369 711 1664 795 ἐγείνατο
1709 711 1914 778 παῖδα
2245 728 2308 778 61

293 825 692 887 Ναυσίθοον
738 820 1158 905 μεγάθυμον,
1207 817 1280 895 ὃς
1325 818 1398 885 ἐν
1450 818 1731 902 Φαίηξιν
1776 819 2079 884 ἄνασσεν.
2169 875 2174 879 .

293 931 685 1004 Ναυσίθοος
731 924 793 991 δ’
844 911 1062 991 ἔτεκεν
1097 921 1455 1009 Ῥηξήνορά
1498 923 1555 988 τ’
1602 923 1943 990 Ἀλκίνοόν
1985 944 2082 989 τε·

291 1035 408 1100 τὸν
455 1029 577 1118 μὲν
624 1034 913 1117 ἄκουρον
958 1030 1150 1096 ἐόντα
1195 1028 1343 1112 βάλ’
1396 1028 1838 1116 ἀργυρότοξος
1874 1027 2208 1095 Ἀπόλλων

291 1141 618 1224 νυμφίον,
666 1137 739 1203 ἐν
784 1136 1046 1225 μεγάρῳ
1092 1138 1252 1220 μίαν
1298 1142 1449 1220 οἴην
1493 1136 1698 1200 παῖδα
1743 1137 2018 1201 λιπόντα
2245 1151 2313 1201 6⁶

287 1243 591 1330 Ἀρήτην·
634 1243 757 1326 τὴν
804 1240 864 1307 δ’
911 1239 1244 1318 Ἀλκίνοος
1289 1239 1592 1324 ποιήσατ’
1646 1241 1901 1307 ἄκοιτιν

293 1352 411 1414 καί
448 1372 562 1432 μιν
608 1344 795 1430 ἔτισ’,
841 1347 931 1424 ὡς
975 1348 1058 1413 οὔ
1101 1369 1199 1424 τις
1245 1345 1352 1412 ἐπὶ
1396 1344 1597 1430 χθονὶ
1642 1349 1847 1413 τίεται
1892 1349 2086 1431 ἄλλη,

295 1455 487 1520 ὅσσαι
530 1463 658 1519 νῦν
703 1476 777 1537 γε
822 1463 1131 1535 γυναῖκες
1175 1451 1286 1517 ὑπ’
1341 1453 1667 1538 ἀνδράσιν
1713 1448 1899 1519 οἷκον
1944 1456 2228 1538 ἔχουσιν.

286 1556 385 1638 ὧς
427 1563 611 1643 κείνη
658 1557 808 1645 περὶ
852 1566 1008 1645 κῆρι
1052 1561 1393 1643 τετίμηταί
1429 1582 1499 1623 τε
1545 1555 1656 1624 καὶ
1702 1561 1882 1624 ἔστιν

293 1669 367 1732 ἔκ
408 1690 479 1731 τε
523 1667 742 1750 φίλων
787 1667 1045 1731 παίδων
1091 1667 1164 1730 ἔκ
1208 1662 1265 1729 τ’
1321 1665 1528 1730 αὐτοῦ
1567 1662 1931 1731 Ἀλκινόοιο
2247 1682 2315 1731 '10

292 1769 405 1837 καὶ
447 1776 658 1853 λαῶν,
706 1772 778 1836 οἵ
817 1774 932 1855 μίν
978 1771 1061 1857 ῥα
1106 1772 1273 1835 θεὸν
1320 1770 1409 1847 ὣς
1454 1772 1881 1856 εἰσορόωντες

295 1875 660 1962 δειδέχαται
705 1878 1056 1959 μύθοισιν,
1103 1876 1209 1942 ὅτε
1256 1873 1541 1960 στείχῃσ’
1595 1876 1722 1942 ἀνὰ
1768 1877 1950 1942 ἄστυ.

295 1984 377 2049 οὐ
420 1979 543 2068 μὲν
585 1983 712 2068 γάρ
758 2006 823 2047 τι
867 1984 1032 2048 νόου
1075 2006 1149 2066 γε
1194 1981 1306 2048 καὶ
1352 1982 1515 2066 αὐτὴ
1565 1983 1824 2048 δεύεται
1869 1983 2143 2050 ἐσθλοῦ·

297 2081 414 2179 ᾖςζ
450 2087 507 2153 τ’
561 2088 637 2155 ἐὺ
681 2086 1035 2175 φρονέῃσι,
1080 2086 1192 2154 καὶ
1237 2087 1521 2172 ἀνδράσι
1564 2092 1783 2163 νείκεα
1829 2090 1989 2155 λύει.

296 2200 362 2258 εἴ
398 2191 515 2259 κέν
556 2215 662 2258 τοι
704 2195 888 2277 κείνη
936 2216 1010 2276 γε
1057 2194 1220 2277 φίλα
1265 2192 1583 2279 φρονέῃσ’
1636 2192 1737 2260 ἐνὶ
1781 2201 2011 2283 θυμῷ,
2247 2211 2315 2262 ‘1⁶

295 2297 555 2384 ἐλπωρή
602 2321 707 2363 τοι
753 2301 973 2363 ἔπειτα
1019 2301 1261 2383 φίλους
1304 2296 1363 2362 τ’
1418 2297 1623 2364 ἰδέειν
1665 2297 1775 2366 καὶ
1822 2298 2085 2367 ἱκέσθαι

295 2399 484 2471 οἷκον
531 2403 596 2481 ἐς
639 2404 993 2490 ὑψόροφον
1036 2403 1148 2470 καὶ
1193 2405 1320 2487 σὴν
1366 2404 1433 2482 ἐς
1475 2407 1760 2491 πατρίδα
1805 2392 2066 2488 γαῖανὲ(

382 2505 473 2586 ὥς
518 2511 644 2596 ἄρα
689 2508 1033 2595 φωνήσασ’
1088 2509 1296 2594 ἀπέβη
1345 2515 1720 2593 γλαυκῶπις
1759 2509 2006 2596 Ἀθήνη

292 2618 541 2682 πόντον
586 2614 686 2682 ἐπ’
740 2616 1129 2699 ἀτρύγετον,
1176 2620 1322 2683 λίπε
1370 2614 1443 2683 δὲ
1489 2619 1780 2704 Σχερίην
1827 2617 2197 2704 ἐρατεινήν,

292 2723 468 2788 ’ἵκετο
515 2720 577 2815 δ”
631 2720 698 2798 ἐς
740 2726 1140 2807 Μαραθῶνα
1184 2721 1295 2787 καὶ
1341 2723 1747 2808 εὐρυάγυιαν
1787 2718 2109 2808 Ἀθήνην,
2245 2741 2313 2792 80

295 2831 455 2894 δῦνε
501 2826 563 2893 δ’
608 2826 963 2913 Ἐρεχθῆος
1007 2831 1289 2894 πυκινὸν
1336 2831 1562 2914 δόμον.
1654 2812 1862 2916 αὐτὰρ
1904 2829 2257 2908 Ὀδυσσεὺς

289 2932 629 2999 Ἀλκινόου
674 2936 839 3019 πρὸς
885 2932 1128 3018 δώματ’
1183 2940 1240 2999 ίε
1286 2936 1776 3019 κλυτάᾮπολλὰ
1823 2934 1902 3002 δέ
1944 2936 2015 3001 οἰ
2050 2945 2176 3020 κῆρ

296 3036 570 3123 ὥρμαιν’
624 3037 978 3127 ίσταμένω,
1023 3037 1184 3125 πρὶν
1226 3041 1507 3124 χάλκεον
1552 3041 1759 3107 οὐδὸν
1805 3040 2090 3139 ίκέσθαίξ

296 3144 385 3220 ὥς
428 3166 499 3209 τε
542 3146 668 3230 γὰρ
715 3145 943 3228 ἠελίου
989 3151 1182 3229 αἴγλη
1228 3145 1427 3212 πέλεν
1471 3143 1547 3231 ὴὲ
1594 3149 1872 3230 σελήνης

297 3249 484 3332 δῶμα
528 3247 685 3315 καθ’
737 3247 1065 3337 ὑψερεφὲς
1109 3254 1554 3337 μεγαλήτορος
1592 3249 1973 3318 Ἀλκινόοιο.
2243 3269 2311 3320 85

294 3356 559 3439 χάλκεοι
603 3352 724 3440 μὲν
767 3358 894 3442 γὰρ
939 3368 1152 3442 τοῖχοι
1197 3354 1530 3441 ἐληλέδατ’
1583 3352 1751 3422 ἔνθα
1796 3355 1908 3422 καὶ
1953 3360 2152 3442 ἔνθα,

294 3461 362 3540 ἐς
406 3463 619 3546 μυχὸν
664 3460 730 3541 ἐξ
776 3462 1015 3545 οὐδοῦ,
1059 3460 1212 3549 περὶ
1258 3459 1333 3528 δὲ
1376 3462 1656 3549 θριγκὸς
1697 3463 2001 3529 κυάνοιο·
