2646 3932
322 197 411 262 90
1079 197 1495 249 oA‘rzzmAz:
1531 198 1588 248 z.

323 341 541 406 ὕπνον
588 334 689 405 ἐπ’
742 340 988 423 ὄμμασι
1031 336 1200 424 χεῦ’,
1245 339 1359 403 ἵνα
1403 362 1520 422 μιν
1562 337 1836 403 παύσειε
1879 338 2151 422 τάχιστα

325 443 693 522 δυσπονέος
735 445 1051 528 καμάτοιο
1098 447 1263 530 φίλα
1306 438 1585 528 βλέφαρ’
1639 442 2123 527 ἀμφικαλύψας.

927 855 1615 932 ΟΔΤΣΣΕΙΑΣ
1669 857 1751 933 Ζ.

579 1118 1077 1207 Ὀδυσσέως
1129 1115 1440 1215 ἄφιξις
1494 1126 1619 1206 είς
1675 1125 2091 1207 Φαίακας.

421 1285 510 1367 ὧς
556 1290 592 1356 ὁ
639 1286 761 1375 μὲν
806 1292 976 1354 ἔνθα
1020 1289 1308 1355 καθεῦδε
1355 1287 1685 1365 πολύτλας
1731 1290 1773 1354 δ
1775 1299 1874 1366 τος
1913 1284 2262 1366 Ὀδυσσεὺς

331 1395 521 1484 ὕπνῳ
568 1395 679 1461 καὶ
722 1395 989 1482 καμάτῳ
1036 1391 1389 1479 ἀρημένος·
1434 1393 1643 1479 αὐτὰρ
1683 1388 1932 1480 ’Λθήνη

334 1505 420 1585 βῆ
468 1497 529 1586 ῤ’
581 1500 649 1578 ἐς
698 1502 1011 1584 Φαιήκων
1058 1498 1326 1584 ἀνδρῶν
1372 1500 1586 1582 δῆμόν
1629 1522 1699 1564 τε
1742 1502 1941 1565 πόλιν
1984 1523 2085 1583 τε,

335 1611 406 1672 οἳ
444 1605 604 1692 πρὶν
650 1605 772 1691 μέν
817 1603 960 1671 ποτ’
1014 1608 1240 1671 ἔναιον
1285 1604 1361 1670 ἐν
1406 1605 1746 1693 εὐρυχόρῳ
1785 1603 2111 1692 Ὑπερείῃ,

335 1714 546 1799 ἀγχοῦ
589 1712 980 1777 Κυκλώπων
1024 1709 1292 1795 ἀνδρῶν
1346 1710 1961 1796 ὑπερηνορεόντων,
2318 1730 2350 1776 5

337 1819 409 1884 οἵ
449 1835 657 1902 σφεας
702 1815 1115 1899 σινέσκοντο,
1162 1819 1357 1900 βίηφι
1404 1813 1477 1882 δὲ
1522 1814 1829 1902 φέρτεροι
1873 1811 2061 1900 ἦσαν.

336 1928 537 1992 ἔνθεν
583 1923 954 2008 ἀναστήσας
1000 1923 1115 2005 ἄγε
1160 1924 1558 2000 Ναυσίθοος
1601 1924 1936 2007 θεοειδής,

338 2021 519 2095 εἷσεν
565 2025 639 2094 δὲ
684 2030 932 2114 Σχερίῃ
979 2025 1129 2104 ἑκὰς
1174 2027 1442 2113 ἀνδρῶν
1486 2026 1917 2113 ἀλφηστάων,

340 2133 508 2220 ἀμφὶ
557 2131 631 2200 δὲ
675 2145 888 2219 τεῖχος
932 2136 1166 2199 ἔλασσε
1210 2136 1428 2217 πόλει,
1474 2132 1585 2199 καὶ
1629 2133 1930 2220 ἐδείματο
1976 2142 2229 2220 οἴκους,

337 2240 447 2307 καὶ
493 2244 697 2325 νηοὺς
740 2243 974 2323 ποίησε
1018 2245 1232 2322 θεῶν,
1278 2238 1390 2304 καὶ
1436 2233 1740 2306 ἐδάσσατ’
1792 2240 2097 2326 ἀρούρας.
2289 2258 2353 2307 ιο

340 2342 482 2413 ἀλλ’
537 2346 572 2412 ὁ
618 2342 740 2431 μὲν
783 2346 911 2429 ἤδη
957 2343 1110 2431 κηρὶ
1156 2342 1385 2428 δαμεὶς
1424 2338 1719 2411 Ἀιδόσδε
1764 2348 2099 2430 βεβήκειν,

335 2448 669 2529 ’Λλκίνοος
714 2448 787 2517 δὲ
830 2445 967 2516 τότ’
1017 2445 1206 2536 ἦρχε,
1250 2455 1435 2514 θεῶν
1479 2450 1607 2515 ἄπο
1653 2452 1863 2535 μήδεα
1907 2451 2116 2528 εἰδώς.

340 2567 459 2623 τοῦ
506 2554 627 2641 μὲν
672 2559 789 2640 ἔβη
834 2557 998 2641 πρὸς
1045 2556 1230 2639 δῶμα
1273 2555 1402 2619 θεά
1423 2602 1441 2636 ,
1486 2559 1862 2638 γλαυκῶπις
1901 2551 2179 2640 Ἀθήνη,

340 2667 585 2729 νόστον
623 2660 934 2745 Ὀδυσσῆι
979 2663 1376 2745 μεγαλήτορι
1421 2662 1772 2744 μητιόωσα.

342 2772 427 2852 βῆ
476 2765 541 2833 δ’
598 2773 746 2852 ἴμεν
790 2766 857 2844 ἐς
891 2767 1202 2850 θάλαμον
1235 2766 1762 2848 πολυδαίδαλον,
1809 2757 1862 2853 ᾧ
1899 2769 1999 2832 ἔνι
2035 2768 2241 2853 κούρη
2293 2785 2357 2833 15

343 2865 597 2956 κοιμᾶτ’
649 2870 1023 2957 ἀθανάτῃσι
1067 2872 1251 2955 φυὴν
1294 2868 1406 2936 καὶ
1452 2866 1630 2947 εἶδος
1673 2871 1898 2956 ὁμοίη,

346 2979 700 3045 Ναυσικάα
742 2978 1049 3063 θυγάτηρ
1093 2978 1539 3061 μεγαλήτορος
1577 2973 1970 3060 Ἀλκινόοιο,

345 3085 476 3170 πὰρ
523 3081 597 3150 δὲ
645 3081 759 3149 δύ’
813 3083 1208 3168 ἀμφίπολοι,
1252 3084 1542 3167 χαρίτων
1586 3082 1714 3146 ἄπο
1760 3083 1999 3159 κάλλος
2044 3085 2341 3167 ἔχουσαι,

347 3196 704 3274 σταθμοῖιν
749 3188 1092 3272 ἑκάτερθε,
1136 3187 1348 3272 θύραι
1395 3181 1455 3252 δ’
1506 3184 1837 3253 ἐπέκειντο
1883 3191 2169 3273 φαειναί.

345 3296 387 3380 ἡ
436 3291 497 3361 δ’
552 3294 800 3380 ἀνέμου
847 3296 936 3372 ὡς
979 3294 1178 3377 πνοιὴ
1228 3292 1547 3358 ἐπέσσυτο
1594 3291 1830 3377 δέμνια
1874 3293 2148 3379 κούρης,
2292 3312 2361 3360 20

348 3411 466 3487 στῆ
515 3397 576 3468 δ’
629 3396 732 3488 ἄρ’
783 3397 948 3486 ὑπὲρ
994 3403 1284 3485 κεφαλῆς
1330 3402 1447 3463 καί
1485 3422 1600 3483 μιν
1647 3399 1814 3483 πρὸς
1856 3403 2082 3482 μῦθον
2126 3402 2361 3482 ἔειπεν,

348 3506 652 3593 εἰδομένη
699 3507 908 3592 κούρῃ
953 3509 1438 3571 ναυσικλειτοῖο
1484 3503 1868 3587 Δύμαντος,
