2646 3932
350 210 478 275 146
1103 211 1519 264 ons-*zm
1553 214 1599 266 1.

347 355 577 441 ὀρθῶν
623 352 979 421 ἑσταότων·
1020 358 1098 423 τὸ
1144 351 1219 421 δὲ
1263 357 1500 439 νήπιος
1545 354 1669 419 οὐκ
1716 353 2021 437 ἐνόησεν,

347 461 437 537 ὥς
482 461 553 525 οἱ
591 457 704 525 ὑπ’
756 463 1126 546 εἰροπόκων
1171 461 1334 526 ὀίων
1381 458 1712 546 στέρνοισι
1760 457 2048 525 δέδεντο.

346 565 627 642 ὕστατος
672 566 934 652 ἀρνειὸς
977 569 1207 652 μήλων
1252 570 1496 652 ἔστειχε
1540 565 1787 651 θύραζε

310 740 317 745 ,
348 671 566 760 λάχνῳ
614 674 1032 757 στεινόμενος
1076 671 1187 739 καὶ
1233 671 1382 758 ἐμοὶ
1424 674 1672 738 πυκινὰ
1716 669 2092 758 φρονέοντι.
2262 687 2367 735 445

349 778 467 843 τὸν
522 774 586 843 δ’
649 777 1172 863 ἐπιμασσάμενος
1216 778 1519 865 προσέφη
1566 778 1881 864 κρατερὸς
1929 777 2367 861 Πολύφημος·

349 880 514 970 ,κριὲ
556 882 799 967 πέπον,
844 887 917 949 τί
953 908 1067 969 μοι
1113 879 1242 951 ὧδε
1291 886 1403 950 διὰ
1448 883 1645 961 σπέος
1690 887 1891 949 ἔσσυο
1937 884 2166 967 μήλων

347 989 656 1069 ὕστατοςς
706 990 790 1056 οὔ
834 1014 897 1055 τι
941 992 1154 1077 πάρος
1197 1014 1270 1075 γε
1319 987 1741 1073 λελειμμένος
1786 992 2005 1074 ἔρχεαι
2050 991 2241 1071 οἰῶν,

352 1094 517 1160 ἀλλὰ
562 1098 734 1161 πολὺ
778 1107 1038 1183 πρῶτος
1079 1098 1306 1182 νέμεαι
1351 1092 1564 1181 τέρεν’
1617 1096 1830 1160 ἄνθεα
1874 1097 2069 1178 ποίης

350 1203 565 1287 μακρὰ
611 1204 833 1286 βιβάς,
878 1214 1137 1289 πρῶτος
1183 1199 1256 1269 δὲ
1294 1203 1455 1288 ῥοὰς
1489 1211 1805 1285 ποταμῶν
1840 1200 2215 1285 ἀφικάνεις,
2262 1217 2367 1266 450

348 1317 607 1392 πρῶτος
653 1303 727 1373 δὲ
773 1310 1153 1393 σταθμόνδε
1199 1311 1484 1374 λιλαίεαι
1528 1303 1934 1372 ἀπονέεσθαι

351 1411 676 1499 ἑσπέριος·
720 1422 850 1479 νῦν
896 1409 1053 1480 αὖτε
1097 1417 1529 1491 πανύστατος.
1619 1408 1662 1496 ἦ
1710 1413 1795 1479 σύ
1840 1409 1903 1495 γ’
1955 1412 2236 1488 ἄνακτος

351 1519 709 1604 ὀφθαλμὸν
751 1518 1055 1604 ποθέεις,
1099 1522 1219 1587 τὸν
1264 1521 1435 1607 ἀνὴρ
1478 1520 1678 1596 κακὸς
1722 1517 2090 1598 ἐξαλάωσεν

351 1628 480 1690 σὺν
525 1629 795 1710 λυγροῖς
841 1623 1133 1711 ἑτάροισι
1188 1626 1692 1713 δαμασσάμενος
1736 1622 1988 1709 φρένας
2034 1630 2227 1712 οἴνῳ,

355 1726 582 1813 Οὖτις,
627 1730 709 1796 ὃν
753 1731 837 1795 οὔ
881 1732 983 1796 πώ
1031 1755 1202 1816 φημι
1238 1730 1667 1817 πεφυγμένον
1702 1725 1874 1797 εἶναι
1911 1731 2217 1815 ὄλεθρον.
2263 1746 2368 1794 455

351 1838 415 1901 εἰ
456 1837 538 1920 δὴ
587 1836 1025 1923 ὁμοφρονέοις
1077 1841 1521 1923 ποτιφωνήεις
1563 1861 1635 1903 τε
1678 1835 1902 1921 γένοιο

351 1943 590 2027 εἰπεῖν,
638 1942 815 2029 ὅππῃ
859 1954 1079 2023 κεῖνος
1124 1943 1284 2031 ἐμὸν
1330 1941 1527 2029 μένος
1572 1943 1944 2028 ἠλασκάζει·

350 2057 440 2137 τῷ
485 2047 565 2115 κέ
604 2050 675 2115 οἱ
713 2048 1074 2138 ἐγκέφαλός
1117 2075 1192 2134 γε
1239 2052 1350 2117 διὰ
1395 2048 1592 2126 σπέος
1637 2050 1909 2126 ἄλλυδις
1953 2050 2118 2134 ἄλλῃ

349 2152 753 2239 θεινομένου
800 2156 1054 2241 ῥαίοιτο
1102 2158 1267 2243 πρὸς
1311 2156 1529 2238 οὔδεϊ,
1574 2155 1703 2219 κὰδ
1748 2154 1828 2220 δέ
1867 2151 1927 2219 κ’
1981 2153 2143 2238 ἐμὸν
2186 2162 2311 2239 κῆρ

351 2263 680 2346 λωφήσειε
724 2273 975 2346 κακῶν,
1021 2263 1102 2327 τά
1148 2284 1261 2345 μοι
1307 2260 1659 2337 οὐτιδανὸς
1703 2263 1909 2346 πόρεν
1958 2255 2199 2336 obus!
2263 2275 2368 2325 460

440 2362 529 2443 ὧς
575 2369 779 2433 εἰπὼν
822 2369 941 2434 τὸν
984 2369 1177 2453 κριὸν
1222 2365 1349 2431 ἀπὸ
1395 2364 1467 2431 ἑο
1511 2364 1720 2449 πέμπε
1765 2366 2030 2451 θύραζε.

353 2471 662 2549 ἐλθόντες
708 2469 769 2537 δ’
823 2473 1060 2558 ἠβαιὸν
1106 2472 1233 2538 ἀπὸ
1281 2474 1551 2549 σπείους
1592 2495 1663 2536 τε
1707 2469 1818 2537 καὶ
1863 2472 2068 2554 αὐλῆς

351 2589 609 2665 πρῶτος
653 2575 767 2643 ὑπ’
820 2579 1091 2664 ἀρνειοῦ
1138 2580 1426 2662 λυόμην,
1471 2576 1768 2643 ὑπέλυσα
1813 2574 1873 2644 δ’
1926 2575 2243 2663 ἑταίρους.

352 2688 775 2770 καρπαλίμως
820 2680 894 2750 δὲ
938 2686 1020 2750 τὰ
1064 2689 1238 2769 μῆλα
1282 2685 1697 2766 ταναύποδα,
1743 2686 1943 2748 πίονα
1991 2684 2208 2771 δημῷ,

352 2792 564 2856 πολλὰ
608 2789 1146 2876 περιτροπέοντες
1192 2789 1586 2875 ἐλαύνομεν,
1634 2785 1790 2875 ὄφρ’
1846 2787 1952 2854 ἐπὶ
1995 2797 2125 2871 νῆα
2263 2803 2367 2853 465

355 2892 636 2980 ἱκόμεθ’.
728 2895 1042 2961 ἀσπάσιοι
1088 2891 1162 2961 δὲ
1207 2899 1432 2981 φίλοις
1476 2892 1766 2980 ἑτάροισι
1813 2896 2147 2980 φάνημεν,

355 3005 425 3067 οἳ
465 3002 789 3087 φύγομεν.
809 3003 1143 3084 θάνατον,
1188 3005 1345 3079 τοὺς
1391 2997 1464 3067 δὲ
1510 3002 1904 3086 στενάχοντο
1949 3011 2251 3084 γοῶντες.

355 3104 497 3173 ἀλλ’
551 3106 678 3191 ἐγὼ
725 3107 849 3172 οὐκ
893 3113 1083 3191 εἴων,
1130 3107 1258 3173 ἀνὰ
1303 3105 1365 3174 δ’
1419 3108 1669 3193 ὀφρύσι
1712 3115 1915 3171 νεῦον
1960 3104 2240 3195 ἑκάστω,

352 3217 638 3296 κλαίειν,
684 3210 827 3279 ἀλλ’
881 3211 1193 3278 ἐκέλευσα
1236 3218 1421 3289 θοῶς
1463 3215 1845 3297 καλλίτριχα
1888 3216 2063 3295 μῆλα

353 3316 540 3385 πόλλ’
594 3317 668 3384 ἐν
710 3319 824 3404 νηὶ
869 3320 1193 3403 βαλόντας
1237 3317 1536 3384 ἐπιπλεῖν
1582 3316 1877 3403 ἁλμυρὸν
1920 3317 2123 3403 ὕδωρ.
2263 3331 2371 3380 470

356 3426 427 3491 οἰ
468 3422 529 3491 δ’
582 3420 725 3503 αἶψ’
778 3428 1120 3509 εἴσβαινον
1162 3422 1274 3491 καὶ
1320 3422 1427 3489 ἐπὶ
1470 3427 1692 3507 κληῖσι
1736 3425 2042 3505 καθῖζον,

356 3530 501 3617 ἑξῆς
549 3529 610 3596 δ’
662 3529 955 3616 ἑζόμενοι
999 3531 1241 3615 πολιὴν
1286 3531 1413 3596 ἅλα
1456 3529 1706 3596 τύπτον
1751 3527 2060 3614 ἐρετμοῖς.
