2646 3932
380 203 506 268 182
1128 205 1543 257 οΔΤΣΣΕῙΑΣ
1580 205 1649 258 Λ.

369 342 445 430 ἦε
491 346 569 413 σέ
610 345 676 430 γ’
727 347 801 413 ἐν
844 345 1077 431 νήεσσι
1124 346 1520 412 Ποσειδάων
1567 346 1938 432 ἐδάμασσεν

372 455 571 538 ὄρσας
615 452 957 538 ἀργαλέων
1002 451 1267 537 ἀνέμων
1312 452 1685 538 ἀμέγαρτον
1715 452 2016 538 -ἀυτμήν;
2291 472 2406 522 400

368 556 450 642 ἦέ
490 557 551 624 σ’
604 558 910 645 ἀνάρσιοι
955 560 1193 644 ἄνδρες
1238 557 1626 643 ἐδηλήσαντ’
1680 558 1786 626 ἐπὶ
1830 558 2075 646 χέρσου

368 667 531 748 βοῦς
574 667 1137 750 περιταμνόμενον
1181 663 1288 747 ἠδ’
1343 667 1505 731 οἰῶν
1549 666 1730 731 πωεα
1774 667 1970 749 καλά,

367 767 443 855 ἠὲ
487 768 639 857 περὶ
681 774 947 848 πτόλιος
993 771 1448 856 μαχεούμενον
1491 767 1611 854 ἠδὲ
1655 773 2047 855 γυναικῶνςι

457 871 546 954 ὧς
589 876 881 961 ἐφάμην,
928 875 966 941 ὁ
1012 875 1091 941 δέ
1131 873 1198 960 μ’
1251 874 1463 942 αὐτίκ’
1507 876 1937 961 ἀμειβόμενος
1972 877 2403 965 προσέειπεν·

369 980 685 1069 ,διογενὲς
730 983 1134 1069 Λαερτιάδη,
1180 980 1591 1066 πολυμήχαν’
1638 981 1986 1068 Ὀδυσσεῦ,
2287 1003 2400 1053 405

369 1088 509 1155 οὔτ’
562 1088 680 1174 ἐμέ
720 1087 783 1172 γ’
837 1088 912 1154 ἐν
957 1087 1187 1172 νήεσσι
1233 1089 1629 1154 Ποσειδάων
1675 1087 2052 1173 ἐδάμασσεν

369 1197 569 1280 ὄρσας
616 1194 958 1280 ἀργαλέων
1004 1192 1265 1279 ἀνέμων
1311 1193 1681 1281 ἀμέγαρτον
1728 1194 2015 1280 ἀυτμήν,

369 1303 519 1367 οὔτε
566 1299 632 1386 μ’
685 1301 990 1388 ἀνάρσιοι
1034 1302 1274 1387 ἄνδρες
1318 1298 1710 1385 ἐδηλήσαντ’
1763 1299 1870 1366 ἐπὶ
1914 1301 2188 1386 χέρσου,

369 1408 534 1474 ἀλλά
578 1431 691 1492 μοι
735 1412 1066 1491 Αἴγισθος
1109 1406 1339 1486 τεύξας
1382 1407 1687 1472 θάνατόν
1728 1430 1798 1472 τε
1845 1410 2056 1494 μόρον
2098 1432 2168 1473 τε

367 1518 518 1580 ἔκτα
565 1517 692 1579 σὺν
738 1512 1065 1598 οὐλομένῃ
1111 1512 1358 1599 ἀλόχῳ,
1405 1514 1667 1578 οἰκόνδε
1710 1512 2060 1596 καλέσσας,
2286 1533 2397 1584 410

370 1622 781 1702 δειπνίσσας,
829 1619 916 1696 ὥς
958 1621 1060 1695 τίς
1103 1640 1172 1683 τε
1216 1615 1565 1684 κατέκτανε
1611 1622 1782 1702 βοῦν
1827 1618 1934 1685 ἐπὶ
1980 1620 2219 1706 φάτνῃ.

369 1721 457 1803 ὧς
499 1727 719 1791 θάνον
766 1727 1069 1814 οἰκτίστῳ
1115 1725 1417 1813 θανάτῳ·
1461 1723 1611 1812 περὶ
1633 1723 1720 1790 ’δ’
1772 1727 1962 1791 ἄλλοι
2009 1724 2260 1813 ἑταῖροι

366 1831 725 1917 νωλεμέως·
753 1835 1089 1898 κτείνοντο
1137 1830 1292 1907 σύες
1342 1830 1430 1908 ὣς
1474 1832 1921 1916 ἀργιόδοντες,

367 1940 440 2005 οἵ
478 1939 561 2026 ῥά
604 1937 662 2004 τ’
714 1938 787 2005 ἐν
834 1937 1113 2024 ἀφνειοῦ
1160 1936 1405 2024 ἀνδρὸς
1448 1936 1614 2023 μέγα
1660 1937 2068 2025 δυναμένοιο

368 2045 408 2129 ἦ
452 2047 639 2134 γάμῳ
684 2045 726 2130 ἢ
774 2045 987 2134 ἐράνῳ
1032 2044 1074 2129 ἢ
1122 2045 1425 2128 εἰλαπίνῃ
1469 2047 1808 2130 τεθαλυίῃ.
1860 2110 1883 2130 ν
2283 2064 2393 2113 415

366 2152 493 2236 ἤδη
540 2148 661 2236 μὲν
704 2149 963 2216 πολέων
1008 2152 1196 2238 φόνῳ
1244 2149 1513 2234 ἀνδρῶν
1559 2149 2037 2234 ἀντεβόλησας,

365 2258 616 2343 μουνὰξ
661 2256 1099 2340 κτεινομένων
1143 2253 1253 2320 καὶ
1298 2254 1398 2320 ἐνὶ
1443 2265 1724 2342 κρατερῇ
1769 2256 2043 2342 ὑσμίνῃ·

366 2364 533 2430 ἀλλά
577 2388 650 2429 κε
693 2374 880 2429 κεῖνα
925 2364 1205 2447 μάλιστα
1251 2361 1416 2425 ἰδὼν
1462 2361 1803 2446 ὀλοφύραο
1846 2368 2076 2452 θυμῷ,

366 2471 455 2547 ὡς
499 2467 667 2554 ἀμφὶ
712 2477 1004 2553 κρητῆρα
1048 2464 1364 2553 τραπέζας
1408 2490 1478 2531 τε
1522 2469 1910 2551 πληθούσας

365 2573 618 2659 κείμεθ’
663 2574 762 2641 ἐνὶ
799 2575 1090 2662 μεγάρῳ,
1140 2574 1430 2638 δάπεδον
1468 2570 1529 2638 δ’
1574 2574 1750 2639 ἅπαν
1787 2575 2010 2659 αἵματι
2044 2581 2233 2641 θῦεν.
2284 2594 2394 2645 420

367 2681 796 2764 οἰκτροτάτην
841 2678 902 2746 δ’
955 2680 1208 2763 ἥκουσα
1256 2680 1386 2743 ὄπα
1433 2680 1766 2765 Πριάμοιο
1811 2683 2150 2766 θυγατρὸς

365 2787 836 2870 Κασσάνδρης,
883 2787 1005 2870 τὴν
1050 2797 1263 2851 κτεῖνε
1311 2783 1863 2872 Κλυταιμνήστρη
1913 2787 2264 2871 δολόμητις

367 2890 530 2977 ἀμφ’
584 2891 758 2976 ἐμοί,
806 2892 1013 2976 αὐτὰρ
1061 2891 1188 2973 ἐγὼ
1239 2888 1391 2956 ποτὶ
1436 2893 1590 2975 γαίῃ
1636 2900 1857 2976 χεῖρας
1906 2887 2184 2976 ἀείρων

365 3000 616 3083 βάλλον
661 2996 1108 3081 ἀποθνήσκων
1152 2994 1304 3082 περὶ
1350 2997 1701 3085 φασγάνῳ·
1746 2994 1788 3079 ἡ
1838 2993 1911 3062 δὲ
1954 3009 2246 3075 κυνῶπις

367 3101 741 3190 νοσφίσατ’,
788 3102 953 3169 οὐδέ
992 3127 1105 3188 μοι
1149 3105 1300 3186 ἔτλη
1352 3103 1521 3167 ἰόντι
1565 3123 1687 3187 περ
1735 3104 1830 3179 εἰς
1868 3099 2091 3169 Ἀίδαο
2280 3120 2392 3171 425

361 3209 548 3298 χερσὶ
591 3207 733 3275 κατ’
786 3209 1180 3294 ὀφθαλμοὺς
1225 3205 1433 3273 ἑλέειν
1480 3207 1608 3272 σύν
1649 3229 1721 3273 τε
1767 3206 1951 3292 στόμ’
2005 3208 2268 3294 ἐρεῖσαι.

366 3312 454 3392 ὥς
499 3316 622 3381 οὐκ
668 3317 1012 3401 αἰνότερον
1056 3313 1167 3380 καὶ
1210 3315 1534 3399 κύντερον
1579 3315 1740 3379 ἄλλο
1786 3317 2129 3398 γυναικός,

367 3422 435 3512 [ἥ
479 3444 578 3508 τις
623 3421 705 3503 δὴ
751 3428 1023 3486 τοιαῦτα
1067 3420 1226 3505 μετὰ
1272 3417 1514 3505 φρεσὶν
1560 3421 1722 3504 ἔργα
1766 3418 2093 3507 βάληται·]

365 3518 510 3592 οἷον
557 3528 638 3609 δὴ
685 3526 793 3592 καὶ
839 3529 1022 3610 κείνη
1071 3524 1355 3610 ἐμήσατο
1402 3526 1601 3610 ἔργον
1648 3521 1858 3602 ἀεικὲς
