2646 3932
981 195 1398 247 ΟΔΤΣΣΕΙΑΣ
1437 197 1582 248 VIII.
2157 192 2286 257 115

263 347 483 414 νεῖκος
523 332 883 421 Ὀδυσσῆος
926 335 1038 404 καὶ
1085 338 1429 422 Πηλεΐδεω
1472 331 1795 422 Ἀχιλῆος,
2216 352 2286 404 75

265 443 352 519 ὥς
396 463 554 509 ποτε
601 444 960 529 δηρίσαντο
1005 449 1190 509 θεῶν
1234 443 1309 509 ἐν
1355 442 1533 509 δαιτὶ
1575 445 1815 529 θαλείῃ

264 547 610 632 ἐκπάγλοις
653 548 984 633 ἐπέεσσιν,
1033 548 1195 628 ἅναξ
1240 544 1304 615 δ’
1356 548 1622 635 ἀνδρῶν
1661 543 2083 634 Ἀγαμέμνων

262 664 445 740 χαῖρε
490 657 656 743 νόφ,
703 655 741 719 ὅ
783 650 844 720 τ’
895 656 1152 741 ἄριστοι
1196 649 1473 739 Ἀχαιῶν
1520 655 1903 741 δηριόωντο.

265 754 354 836 ὧς
396 760 522 844 γάρ
568 760 640 825 οἱ
677 761 919 844 χρείων
963 762 1312 845 μυθήσατο
1365 763 1613 845 Φοῖβος
1652 755 1985 826 Ἀπόλλων

268 870 502 931 Πυθοῖ
540 864 614 930 ἐν
657 864 947 951 ἠγαθέῃ,
994 864 1106 930 ὅθ’
1157 864 1414 951 ὑπέρβη
1462 866 1697 931 λάινον
1743 865 1951 931 οὐδὸν
2216 880 2289 932 80

263 973 695 1056 χρησόμενος·
741 974 887 1037 τότε
932 972 1059 1057 γάρ
1107 972 1191 1058 ῥα
1234 973 1583 1037 κυλίνδετο
1628 975 1922 1056 πήματος
1968 971 2132 1057 ἀρχὴ

276 1079 502 1162 Τρωσί
538 1100 609 1142 τε
655 1074 767 1142 καὶ
810 1081 1143 1142 Δαναοῖσι
1186 1077 1357 1153 Διὸς
1401 1076 1693 1161 μεγάλου
1739 1077 1851 1143 διὰ
1894 1078 2159 1161 βουλάς.

350 1180 532 1247 ταῦτ’
585 1177 691 1267 ἄρ’
745 1181 970 1259 ἀοιδὸς
1006 1183 1184 1249 ἄειδε
1222 1185 1640 1267 περικλυτός·
1687 1183 1896 1268 αὐτὰρ
1928 1177 2284 1260 Ὀδυσσεὺς

263 1288 648 1373 πορφύρεον
692 1286 857 1372 μέγα
902 1296 1117 1373 φᾶρος
1161 1285 1332 1353 ἑλὼν
1375 1286 1562 1374 χερσὶ
1606 1291 1995 1374 στιβαρῇσιν

264 1393 388 1458 κὰκ
431 1398 721 1477 κεφαλῆς
765 1399 1059 1479 εἴρυσσε,
1104 1394 1357 1471 κάλυψε
1406 1390 1479 1460 δὲ
1524 1395 1691 1459 καλὰ
1735 1396 2081 1479 πρόσωπα·
2216 1409 2288 1460 85

266 1500 486 1564 αἴδετο
532 1499 660 1584 γὰρ
713 1502 1006 1584 Φαίηκας
1049 1494 1165 1565 ὑπ’
1216 1499 1464 1585 ὀφρύσι
1512 1500 1767 1586 δάκρυα
1813 1502 2069 1584 λείβων.

266 1599 306 1687 ἦ
353 1627 455 1669 τοι
500 1604 607 1670 ὅτε
653 1605 908 1689 λήξειεν
954 1605 1196 1671 ἀείδων
1238 1611 1429 1683 θεῖος
1473 1604 1728 1688 ἀοιδός,

267 1710 477 1796 δάκρυ
524 1710 970 1796 ὀμορξάμενος
1012 1716 1304 1795 κεφαλῆς
1350 1712 1479 1778 ἄπο
1526 1720 1741 1797 φᾶρος
1789 1711 2055 1778 ἕλεσκεν

266 1814 376 1882 καὶ
421 1814 622 1894 δέπας
667 1816 1167 1902 ἀμφικύπελλον
1217 1815 1386 1883 ἑλὼν
1432 1820 1783 1882 σπείσασκε
1828 1823 2122 1882 θεοῖσιν·

267 1923 474 2009 αὐτὰρ
521 1920 617 1988 ὅτ’
669 1921 762 2000 ἂψ
809 1923 1076 2009 ἄρχοιτο
1120 1921 1231 1989 καὶ
1278 1923 1629 2010 ὀτρύνειαν
1675 1922 1923 1989 ἀείδειν
2216 1939 2289 1989 90

275 2031 586 2112 Φαιήκων
632 2029 701 2094 οί
742 2030 1031 2114 ἄριστοι,
1079 2028 1218 2094 ἐπεὶ
1260 2028 1562 2115 τέρποντ’
1616 2027 1945 2112 ἐπέεσσιν,

269 2133 362 2211 ἄψ
399 2131 709 2212 Ὀδυσεὺς
753 2135 917 2199 κατὰ
960 2143 1167 2218 κρᾶτα
1211 2136 1672 2220 καλυψάμενος
1714 2136 2059 2219 γοάασκεν.

271 2233 416 2304 ἔνθ’
467 2241 709 2316 ἄλλους
753 2236 876 2324 μὲν
919 2241 1169 2318 πάντας
1214 2239 1542 2306 ἐλάνθανε
1590 2241 1845 2327 δάκρυα
1890 2243 2159 2324 λείβων,

265 2344 597 2422 ’Λλκίνοος
643 2344 722 2411 δέ
760 2370 877 2430 μιν
922 2341 1062 2423 οἶος
1106 2341 1503 2431 ἐπεφράσατ’
1554 2343 1673 2430 ἡδὲ
1716 2349 1960 2430 νόησεν

271 2453 509 2536 ἥμενος
553 2445 697 2535 ἄγχ’
749 2451 986 2535 αὐτοῦ,
1032 2454 1205 2537 βαρὺ
1252 2447 1327 2517 δὲ
1373 2453 1805 2536 στενάχοντος
1848 2452 2149 2517 ἄκουσεν.
2216 2467 2287 2516 95

270 2553 433 2635 αἶψα
478 2553 552 2624 δὲ
601 2560 959 2641 Φαιήκεσσι
1004 2555 1465 2644 φιληρέτμοισι
1509 2558 1827 2643 μετηύδα·

271 2662 611 2747 ,,κέκλυτε,
663 2666 974 2747 Φαιήκων
1018 2663 1337 2750 ἡγήτορες
1381 2661 1500 2748 ἠδὲ
1545 2664 1871 2748 μέδοντες.

270 2771 396 2854 ἤδη
444 2765 567 2854 μὲν
613 2770 836 2846 δαιτὸς
880 2773 1295 2855 κεκορήμεθα
1339 2770 1566 2854 θυμὸν
1611 2769 1791 2854 ἐίσης

273 2878 636 2962 φόρμιγγός
679 2873 781 2958 θ’,
825 2874 866 2958 ἣ
915 2873 1091 2940 δαιτὶ
1136 2877 1465 2961 συνήορός
1509 2874 1647 2940 ἐστι
1690 2877 1958 2961 θαλείῃ·

271 2990 397 3046 νῦν
444 2978 505 3046 δ’
558 2979 928 3064 ἐξέλθωμεν
971 2978 1083 3045 καὶ
1128 2978 1394 3045 ἀέθλων
1437 2986 1861 3066 πειρηθῶμεν
2185 2996 2288 3046 100

272 3088 563 3169 πάντων,
610 3086 699 3163 ὥς
741 3084 801 3170 χ’
855 3085 891 3151 ὁ
938 3086 1148 3165 ξεῖνος
1194 3085 1427 3172 ἐνίσπῃ
1474 3078 1608 3151 οἷσι
1653 3089 1953 3171 φίλοισιν

272 3193 495 3258 οἴκαδε
538 3194 893 3276 νοστήσας,
940 3191 1147 3256 ὅσσον
1190 3186 1685 3277 περιγιγνόμεθ’
1737 3192 1957 3256 ἄλλων

271 3298 399 3378 πύξ
442 3320 510 3363 τε
556 3297 1016 3382 παλαιμοσύνῃ
1060 3320 1130 3362 τε
1175 3294 1287 3363 καὶ
1332 3297 1617 3382 ἅλμασιν
1661 3294 1779 3381 ἡδὲ
1823 3297 2205 3362 πόδεσσιν.“

360 3400 449 3482 ὥς
493 3404 622 3489 ἄρα
667 3405 983 3488 φωνήσας
1026 3402 1353 3488 ἡγήσατο,
1399 3401 1504 3469 τοὶ
1549 3401 1612 3469 δ’
1664 3398 1773 3487 ἅμ’
1825 3401 2080 3468 ἕποντο.

269 3512 396 3576 κὰδ
440 3507 503 3575 δ’
556 3508 630 3576 ἐκ
671 3512 1051 3594 πασσαλόφι
1086 3508 1413 3595 κρέμασεν
1458 3513 1795 3595 φόρμιγγα
1831 3511 2116 3593 λίγειαν,
2186 3525 2288 3575 105

1786 3617 1817 3666 g
1834 3620 1859 3645 «ι
