2646 3932
948 215 1362 267 ΟΔΤΣΣΕΙΑΣ
1398 217 1468 268 11.
2138 217 2179 278 2
2186 214 2219 275 7

195 353 503 438 κληισταὶ
550 354 611 420 δ’
664 359 906 421 ἔπεσαν
953 359 1219 434 σανίδες
1263 370 1556 435 πυκινῶς
1602 357 1914 444 ἀραρυῖαι

196 462 515 538 δικλίδες·
563 460 636 526 ἐν
682 459 756 526 δὲ
801 463 971 546 γυνὴ
1017 466 1214 546 ταμίη
1261 463 1504 539 νύκτας
1547 486 1617 528 τε
1663 462 1773 528 καὶ
1818 459 1994 550 ἦμαρ
2118 482 2222 530 345

196 565 364 651 ἔσχ’,
410 567 451 650 ἢ
499 564 689 631 πάντ’
743 566 1075 651 ἐφύλασσε
1121 571 1288 633 νόου
1334 570 1865 655 πολυϊδρείῃσιν,

194 670 552 757 Εὐρύκλει’
595 664 797 751 Ὦπος
840 675 1145 759 θυγάτηρ
1195 677 1703 760 Πεισηνορίδαο.
2140 715 2143 718 ’

193 779 320 862 τὴν
366 781 512 844 τότε
567 778 943 864 Τηλέμαχος
987 778 1290 865 προσέφη
1340 783 1726 864 θαλαμόνδε
1772 779 2119 858 καλέσσας·

196 883 411 969 ,,μαῖ’,
460 887 577 968 ἄγε
623 886 707 970 δή
754 909 867 970 μοι
914 882 1105 951 οἶνον
1150 885 1226 951 ἐν
1272 886 1772 973 ἀμφιφορεῦσιν
1817 890 2125 975 ἄφυσσον

194 990 401 1074 ἡδύν,
449 992 586 1068 ὅτις
630 993 790 1076 μετὰ
835 993 953 1057 τὸν
1000 994 1405 1077 λαρώτατος,
1453 992 1533 1058 ὃν
1580 996 1664 1059 σὺ
1711 998 2074 1078 φυλάσσεις
2120 1011 2224 1060 350

196 1108 426 1163 κεῖνον
473 1096 742 1181 ὀιομένη
797 1099 916 1162 τὸν
961 1098 1334 1182 κάμμορον,
1381 1104 1449 1163 εί
1485 1105 1701 1165 ποθεν
1748 1103 1938 1167 ἔλθοι

199 1203 506 1286 διογενὴς
545 1200 856 1280 Ὀδυσεὺς
909 1205 1212 1269 θάνατον
1257 1202 1369 1269 καὶ
1413 1214 1619 1290 κῆρας
1666 1205 1923 1287 ἀλύξας.

199 1310 457 1374 δώδεκα
504 1307 565 1373 δ’
619 1312 954 1393 ἔμπλησον
1006 1308 1118 1374 καὶ
1162 1311 1469 1394 πώμασιν
1514 1312 1724 1396 ἄρσον
1770 1312 2077 1388 ἅπαντας.

199 1415 274 1481 ἐν
322 1413 401 1480 δέ
442 1438 556 1499 μοι
603 1416 848 1497 ἄλφιτα
894 1425 1092 1499 χεῦον
1139 1414 1581 1501 ἐυρραφέεσσι
1628 1419 1957 1501 δοροῖσιν·

198 1528 409 1586 εἴκοσι
456 1519 518 1587 δ’
571 1524 735 1586 ἔστω
783 1521 984 1608 μέτρα
1031 1523 1426 1607 μυληφάτου
1471 1523 1757 1607 ἀλφίτου
1803 1523 2016 1606 ἀκτῆς.
2120 1540 2223 1588 355

199 1628 364 1711 αὐτὴ
416 1624 477 1692 δ’
533 1633 639 1710 οἰή
689 1633 852 1692 ἴσθι.
943 1629 1023 1693 τὰ
1071 1626 1136 1693 δ’
1189 1628 1409 1714 ἁθρόα
1454 1630 1668 1694 πάντα
1711 1630 2037 1713 τετύχθω·

199 1733 500 1817 ἑσπέριος
545 1733 671 1817 γὰρ
719 1732 889 1816 ἐγὼν
936 1735 1322 1820 αἱρήσομαι,
1371 1735 1614 1800 ὁππότε
1659 1759 1776 1800 κεν
1821 1737 1904 1819 δὴ

201 1843 416 1925 μήτηρ
463 1841 556 1916 εἰς
600 1837 845 1928 ὑπερῷ’
899 1839 1112 1926 ἀναβῇ
1158 1844 1390 1906 κοίτου
1434 1864 1502 1906 τε
1550 1840 1855 1925 μέδηται·

198 1943 335 2032 εἶμι
380 1947 504 2030 γὰρ
551 1945 618 2023 ἐς
663 1946 983 2031 Σπάρτην
1027 1971 1097 2012 τε
1143 1945 1255 2013 καὶ
1302 1944 1369 2025 ἐς
1415 1948 1650 2012 Πύλον
1697 1947 2077 2032 ἠμαθόεντα

198 2056 444 2119 νόστον
480 2055 886 2136 πευσόμενος
923 2054 1169 2137 πατρὸς
1198 2057 1432 2136 φίλου,
1471 2054 1556 2136 ἤν
1584 2074 1717 2118 που
1745 2051 2072 2118 ἀκούσω.“
2119 2071 2224 2119 860

290 2154 378 2236 ὧς
424 2159 627 2242 φάτο,
673 2158 973 2223 κώκυσεν
1019 2154 1092 2224 δὲ
1139 2162 1299 2242 φίλη
1348 2160 1596 2244 τροφὸς
1641 2159 2045 2244 Εὐρύκλεια,

199 2268 316 2331 καί
357 2262 417 2351 ῤ’
470 2263 934 2351 ὀλοφυρομένη
981 2268 1136 2330 ἔπεα
1182 2268 1538 2350 πτερόεντα
1583 2266 1958 2350 προσηύδα·

203 2375 426 2454 ,,τίπτε
474 2369 553 2436 δέ
593 2394 727 2453 τοι,
774 2373 927 2454 φίλε
973 2369 1238 2453 τέκνον,
1285 2368 1387 2436 ἐνὶ
1433 2368 1632 2455 φρεσὶ
1676 2379 1874 2435 τοῦτο
1920 2371 2135 2454 νόημα

204 2481 465 2555 ἔπλετο;
514 2486 604 2562 πῇ
653 2474 714 2541 δ’
768 2474 1020 2552 ἐθέλεις
1067 2473 1237 2540 ι’έναι
1281 2476 1538 2560 πολλὴν
1584 2474 1689 2541 ἐπὶ
1734 2485 1933 2558 γαῖαν

202 2592 448 2667 μοῦνος
496 2582 624 2648 ἐὼν
670 2581 1028 2664 ἀγαπητόςς
1079 2581 1115 2646 ὁ
1163 2579 1225 2646 δ’
1278 2582 1481 2647 ὤλετο
1518 2583 1760 2664 τηλόθι
1794 2581 2045 2666 πάτρης
2120 2600 2223 2650 365

204 2691 508 2773 διογενὴς
548 2687 858 2764 Ὀδυσεὺς
912 2686 1351 2769 ἀλλογνώτων
1397 2685 1497 2752 ἐνὶ
1543 2689 1748 2777 δήμῳ.

205 2797 275 2862 οἰ
316 2794 395 2862 δέ
435 2819 541 2861 τοι
584 2791 799 2859 αὐτίκ’
854 2795 1025 2858 ἰόντι
1069 2794 1236 2857 κακὰ
1282 2793 1698 2876 φράσσονται
1744 2793 2028 2875 ὀπίσσω,

205 2903 291 2978 ὥς
334 2924 407 2966 κε
458 2901 632 2988 δόλῳ
679 2901 920 2984 φθίῃς,
966 2899 1122 2963 τάδε
1171 2897 1233 2963 δ’
1285 2898 1478 2965 αὐτοὶ
1523 2901 1737 2965 πάντα
1786 2900 2118 2965 δάσονται.

206 3005 369 3071 ἀλλὰ
414 3004 558 3089 μέν’
613 2999 772 3070 αὖθ’
825 3002 933 3069 ἐπὶ
979 3015 1157 3069 σοῖσι
1202 3008 1609 3089 καθήμενος·
1666 3003 1830 3070 οὐδέ
1870 3008 1941 3069 τί
1980 3021 2053 3070 σε
2098 3006 2223 3090 χρὴ

203 3114 450 3177 πόντον
479 3109 578 3176 ἐπ’
615 3110 975 3194 ἀτρύγετον
1004 3110 1169 3175 κακὰ
1188 3110 1465 3194 πάσχειν
1484 3108 1631 3175 οὐδ’
1659 3109 2098 3195 ἀλάλησθαι.“
2120 3128 2223 3176 370

291 3218 414 3302 τὴν
461 3213 522 3281 δ’
577 3210 662 3281 αὖ
717 3213 1092 3299 Τηλέμαχος
1136 3214 1552 3300 πεπνυμένος
1598 3214 1828 3282 ἀντίον
1872 3217 2072 3300 ηὔδα·

207 3323 519 3408 ,,θάρσει,
566 3319 734 3406 μαῖ’,
780 3320 920 3387 ἐπεὶ
965 3322 1049 3387 οὔ
1093 3344 1198 3386 τοι
1242 3323 1406 3387 ἄνευ
1449 3327 1621 3387 θεοῦ
1665 3321 1784 3403 ἥδε
1830 3343 1903 3403 γε
1948 3323 2176 3405 βουλή.

207 3427 346 3496 ἀλλ’
402 3430 651 3512 ὄμοσον
698 3428 785 3510 μὴ
832 3424 1029 3511 μητρὶ
1075 3430 1238 3512 φίλῃ
1282 3428 1439 3492 τάδε
1485 3430 1955 3510 μυθήσασθαι,

205 3538 362 3621 πρίν
408 3531 470 3617 γ’
524 3529 626 3597 ὅτ’
679 3530 764 3597 ἂν
810 3531 1121 3616 ἑνδεκάτη
1167 3556 1237 3599 τε
1285 3533 1666 3614 δυωδεκάτη
1713 3555 1781 3596 τε
1827 3530 2123 3614 γένηται,
