2646 3932
379 165 467 230 94
1140 166 1557 217 οΔΤΣΣΕΙΑΣ
1593 166 1652 217 Ζ.

380 307 763 392 ἀμφιπόλου
806 303 929 392 μὲν
973 308 1249 392 ἅμαρτε,
1294 308 1537 391 βαθείῃ
1583 301 1647 372 δ’
1698 308 1938 391 ἔμβαλε
1983 308 2166 391 δίνῃ·

381 412 456 476 αί
496 410 556 477 δ’
611 411 717 478 ἐπὶ
761 414 1014 498 μακρὸν
1059 415 1302 479 ἄυσαν·
1367 411 1405 479 ὁ
1451 410 1514 477 δ’
1567 413 1791 498 ἔγρετο
1839 414 1983 490 δῖος
2020 409 2397 495 Ὀδυσσεύς,

381 515 681 601 ἑζόμενος
726 516 787 583 δ’
840 518 1130 603 ὥρμαινε
1175 518 1341 583 κατὰ
1386 518 1602 603 φρένα
1646 517 1758 584 καὶ
1802 520 1967 584 κατὰ
2008 520 2262 603 θυμόν·

381 623 478 704 ,,ὥ
525 646 639 707 μοι
683 622 842 706 ἐγώ,
886 622 1055 689 τέων
1100 617 1258 689 αὖτε
1302 627 1565 709 βροτῶν
1610 622 1677 700 ἐς
1721 634 1919 706 γαῖαν
1966 624 2200 703 ίκάνω;

380 721 421 809 ἦ
470 724 531 813 ῤ’
584 728 656 793 οἵ
695 727 760 812 γ’
812 729 1130 816 ὑβρισταί
1166 753 1237 796 τε
1280 728 1393 795 καὶ
1439 731 1660 815 ἄγριοι
1707 726 1864 796 οὐδὲ
1913 732 2192 814 δίκαιοι,
2294 748 2397 797 120

380 827 456 915 ἦε
500 833 866 918 φιλόξεινοι
909 838 1028 902 καί
1066 853 1230 921 σφιν
1273 838 1432 912 νόος
1476 834 1615 901 ἐστὶ
1656 837 1978 920 θεουδής;

382 938 470 1015 ὥς
514 938 590 1004 τέ
628 964 708 1025 με
752 943 1060 1027 κουράων
1106 942 1462 1026 ἀμφήλυθε
1506 946 1723 1024 θῆλυς
1769 941 1962 1025 ἀυτή·

383 1047 767 1130 [νυμφάων,
814 1050 890 1112 αἳ
927 1045 1148 1131 ἔχουσ’
1201 1045 1413 1132 ὀρέων
1459 1047 1721 1111 αἰπεινὰ
1766 1047 2021 1132 κάρηνα
2156 1069 2160 1074 ·

379 1150 491 1216 καὶ
535 1153 747 1236 πηγὰς
789 1164 1101 1237 ποταμῶν
1145 1151 1256 1219 καὶ
1299 1154 1496 1219 πίσεα
1539 1156 1897 1237 ποιήεντα.]

381 1252 422 1339 ἦ
469 1257 555 1322 νύ
599 1279 731 1323 που
776 1258 1155 1344 ἀνθρώπων
1199 1258 1335 1343 είμὶ
1378 1260 1619 1343 σχεδὸν
1664 1258 2062 1343 αὐδηέντων.
2296 1277 2395 1326 125

383 1357 526 1428 ἀλλ’
578 1359 683 1447 ἄγ’
735 1363 906 1447 ἐγὼν
952 1364 1148 1441 αὐτὸς
1191 1366 1588 1450 πειρήσομαι
1633 1361 1753 1448 ἠδὲ
1798 1367 2103 1451 ἴδωμαι.“

472 1463 561 1545 ὥς
605 1469 808 1535 εἰπὼν
850 1470 1134 1554 θάμνων
1179 1469 1544 1535 ὑπεδύσετο
1593 1471 1737 1547 δῖος
1775 1465 2155 1555 Ὀδυσσεύς,

384 1573 455 1638 ἐκ
498 1584 779 1658 πυκινῆς
824 1569 885 1640 δ’
934 1575 1100 1659 ὕλης
1141 1578 1443 1661 πτόρθον
1487 1576 1686 1641 κλάσε
1730 1576 1902 1662 χειρὶ
1945 1581 2179 1663 παχείῃ

384 1681 688 1764 φύλλων,
735 1681 825 1758 ὡς
869 1681 1143 1767 ῥύσαιτο
1187 1680 1340 1767 περὶ
1383 1683 1539 1767 χροῒ
1577 1684 1788 1766 μήδεα
1833 1686 2068 1768 φωτός.

383 1789 468 1868 βῆ
508 1781 569 1851 δ’
613 1792 760 1871 ἴμεν
797 1787 886 1863 ὥς
918 1809 990 1852 τε
1027 1785 1196 1853 λέων
1232 1786 1665 1873 ὀρεσίτροφος
1701 1786 1851 1854 ἀλκὶ
1877 1790 2245 1873 πεπονθώς,
2296 1807 2397 1856 130

385 1891 457 1969 ὅς
501 1886 559 1957 τ’
611 1886 734 1957 εἷσ’
783 1891 1066 1978 ὑόμενος
1107 1891 1220 1958 καὶ
1265 1892 1579 1978 ἀήμενος,
1627 1892 1701 1958 ἐν
1747 1893 1827 1959 δέ
1866 1895 1939 1960 οί
1976 1897 2132 1960 ὄσσε

387 2000 665 2064 δαίεται·
729 1999 939 2086 αὐτὰρ
985 1999 1022 2065 ὁ
1066 1998 1266 2085 βουσὶ
1310 1999 1686 2087 μετέρχεται
1729 2000 1770 2085 ἢ
1817 2002 2070 2068 ὀίεσσιν

384 2100 458 2186 ἠὲ
503 2099 641 2189 μετ’
693 2104 1051 2192 ἀγροτέρας
1097 2106 1414 2192 ἐλάφους·
1459 2106 1715 2172 κέλεται
1760 2106 1840 2172 δέ
1879 2106 1914 2173 ἑ
1955 2109 2206 2195 γαστὴρ

384 2212 627 2294 μήλων
656 2214 1056 2297 πειρήσοντα
1098 2211 1210 2279 καὶ
1257 2212 1323 2290 ἐς
1368 2216 1651 2279 πυκινὸν
1697 2216 1906 2298 δόμον
1952 2213 2206 2280 ἐλθεῖν·

387 2312 475 2393 ὧς
513 2311 829 2394 Ὀδυσεὺς
864 2318 1186 2403 κούρῃσιν
1233 2317 1746 2404 ἐυπλοκάμοισιν
1790 2322 2059 2405 ἔμελλεν
2297 2338 2395 2387 135

384 2422 693 2507 μίξεσθαι
736 2425 988 2508 γυμνός
1030 2444 1155 2508 περ
1201 2422 1359 2489 ἐών·
1420 2424 1616 2508 χρειὼ
1662 2426 1787 2510 γὰρ
1835 2426 2078 2490 ἵκανεν.

361 2524 787 2612 ,σμερδαλέος
833 2522 894 2592 δ’
947 2528 1184 2614 αὐτῇσι
1227 2528 1410 2613 φάνη
1463 2528 1914 2615 κεκακωμένος
1958 2530 2161 2616 ἅλμῃ,

298 2713 302 2718 .
385 2631 667 2718 τρέσσαν
715 2626 777 2697 δ’
828 2633 1102 2710 ἄλλυδις
1145 2634 1310 2717 άλλη
1359 2627 1460 2699 ἐπ’
1510 2633 1741 2717 ἠιόνας
1784 2637 2218 2719 προυχούσας.

387 2745 493 2822 οἴη
544 2732 605 2802 δ’
653 2733 994 2804 Ἀλκινόου
1037 2740 1349 2824 θυγάτηρ·
1388 2738 1570 2824 μένε·
1633 2749 1712 2824 τῇ
1758 2740 1884 2826 γὰρ
1927 2734 2174 2824 Ἀθήνη

383 2844 641 2929 θάρσος
685 2842 785 2908 ἐνὶ
830 2841 1029 2929 φρεσὶ
1073 2850 1242 2927 θῆκε
1286 2843 1399 2910 καὶ
1443 2844 1515 2909 ἐκ
1560 2844 1711 2923 δέος
1754 2846 1962 2912 εἵλετο
2009 2849 2236 2928 γυίων.
2296 2863 2395 2913 140

385 2957 504 3033 στῆ
553 2944 615 3014 δ’
667 2950 831 3014 ἄντα
877 2948 1191 3033 σχομένη·
1255 2949 1292 3016 ὁ
1340 2947 1412 3016 δὲ
1458 2949 1852 3037 μερμήριξεν
1892 2946 2271 3035 Ὀδυσσεύς,

385 3054 425 3138 ἢ
472 3054 738 3137 γούνων
784 3059 1078 3121 λίσσοιτο
1125 3056 1351 3139 λαβὼν
1396 3055 1688 3122 ἐυώπιδα
1731 3057 2017 3142 κούρην,

385 3155 424 3244 ἦ
473 3162 685 3239 αὔτως
729 3160 1028 3227 ἐπέεσσιν
1073 3162 1414 3227 ἀποσταδὰ
1458 3165 1877 3247 μειλιχίοισιν

386 3260 688 3349 λίσσοιτ’,
733 3268 797 3332 εί
840 3264 1070 3344 δείξειε
1115 3268 1312 3332 πόλιν
1356 3263 1468 3333 καὶ
1512 3267 1743 3351 εἵματα
1788 3269 1968 3351 δοίη.·

386 3364 475 3446 ὧς
520 3371 647 3455 ἄρα
694 3370 765 3436 οῖ
803 3369 1161 3455 φρονέοντι
1208 3371 1535 3436 δοάσσατο
1583 3369 1850 3457 κέρδιον
1896 3367 2099 3456 εἶναι,
2292 3388 2392 3438 145

387 3478 732 3541 λίσσεσθαι
778 3475 1079 3543 ἐπέεσσιν
1125 3476 1465 3543 ἀποσταδὰ
1510 3481 1957 3562 μειλιχίοισιν,
