2646 3932
379 190 508 256 170
1120 194 1538 245 οΔΤΣΣΕιΑΣ
1572 193 1644 246 m
1752 221 1756 226 .

366 346 593 421 πρῶτα
638 336 1034 423 μελικρήτῳ,
1081 333 1420 419 μετέπειτα
1466 331 1539 400 δὲ
1583 333 1730 418 ἡδέι
1776 341 1969 423 οἴνῳ,

364 441 439 505 τὸ
485 443 712 526 τρίτον
757 434 916 505 αὖθ’
967 439 1191 505 ὕδατι·
1255 437 1363 505 ἐπὶ
1419 434 1480 505 δ’
1534 441 1777 525 ἄλφιτα
1822 440 2024 506 λευκὰ
2067 439 2389 505 πάλυνον.

365 548 578 612 πολλὰ
623 543 697 611 δὲ
742 546 1129 630 γουνούμην
1173 546 1432 611 νεκύων
1478 545 1773 630 ἀμενηνὰ
1816 547 2103 632 κάρηνα,

367 651 591 717 ἐλθὼν
634 654 730 729 εἰς
767 646 1036 735 Ἰθάκην
1080 662 1350 738 στεῖραν
1396 654 1596 735 βοῦν,
1641 653 1683 735 ἥ
1727 675 1827 729 τις
1871 652 2136 738 ἀρίστη,
2318 666 2391 715 30

368 755 579 843 ῥέξειν
624 756 699 822 ἐν
743 758 1088 844 μεγάροισι
1142 758 1364 840 πυρήν
1408 751 1468 822 τ’
1519 755 1928 841 ἐμπλησέμεν
1974 756 2267 838 ἐσθλῶν,

374 865 676 948 Τειρεσίῃ
723 857 786 928 δ’
838 861 1223 928 ἀπάνευθεν
1268 863 1377 928 ὄιν
1423 860 1800 948 ἱερευσέμεν
1846 869 1965 952 οἴῳ

366 962 759 1052 παμμέλαν’,
805 966 879 1044 ὃς
925 970 1194 1052 μήλοισι
1239 965 1633 1053 μεταπρέπει
1677 966 2108 1054 ἡμετέροισιν.

366 1076 523 1149 τοὺς
570 1068 631 1139 δ’
682 1071 826 1138 ἐπεὶ
870 1072 1198 1159 εὐχωλῇσι
1244 1074 1469 1158 λιτῇσί
1505 1095 1606 1156 τε,
1652 1075 1856 1138 ἔθνεα
1898 1083 2184 1157 νεκρῶν,

369 1177 758 1263 ἐλλισάμην,
803 1180 886 1244 τὰ
931 1175 1006 1244 δὲ
1052 1184 1225 1263 μῆλα
1271 1179 1498 1262 λαβὼν
1544 1177 2105 1264 ἀπεδειροτόμησα
2319 1194 2391 1242 35

368 1283 436 1361 ἐς
479 1286 768 1370 βόθρον,
815 1281 921 1370 ῥέε
967 1279 1030 1349 δ’
1081 1276 1242 1368 αἷμα
1285 1281 1696 1368 κελαινεφές·
1759 1284 1837 1348 αἱ
1877 1278 1938 1348 δ’
1989 1281 2307 1369 ἀγέροντο

368 1386 574 1474 ψυχαὶ
617 1385 779 1469 ὑπὲξ
824 1387 1087 1475 ἐρέβευς
1130 1390 1391 1455 νεκύων
1434 1388 2012 1471 κατατεθνηώτων.

372 1494 657 1578 [νύμφαι
700 1490 759 1558 τ’
811 1492 1042 1576 ἠίθεοί
1077 1515 1148 1558 τε
1193 1494 1600 1577 πολύτλητοί
1636 1516 1707 1559 τε
1753 1492 2058 1580 γέροντες

369 1600 777 1683 παρθενικαί
814 1596 872 1662 τ’
926 1596 1160 1664 ἀταλαὶ
1211 1598 1581 1665 νεοπενθέα
1623 1601 1851 1683 θυμὸν
1895 1603 2194 1684 ἔχουσαι,

369 1702 609 1770 πολλοὶ
656 1701 717 1769 δ’
771 1703 1126 1788 οὐτάμενοι
1169 1708 1567 1792 χαλκήρεσιν
1611 1704 1972 1790 ἐγχείῃσιν,
2047 1692 2050 1695 ’
2320 1720 2393 1770 4ο

371 1811 609 1897 ἄνδρες
654 1809 1011 1896 ἀρηίφατοι
1056 1809 1521 1898 βεβροτωμένα
1565 1808 1775 1896 τεύχε’
1827 1813 2113 1895 ἔχοντες·

373 1918 445 1982 οἳ
484 1913 720 1982 πολλοὶ
764 1914 916 2002 περὶ
960 1918 1220 2004 βόθρον
1266 1916 1555 2002 ἐφοίτων
1600 1917 1893 1982 ἄλλοθεν
1937 1917 2135 1994 ἄλλος

370 2024 694 2107 θεσπεσίῃ
742 2023 921 2108 ἰαχῇ·
967 2019 1078 2107 ἐμὲ
1126 2020 1199 2089 δὲ
1243 2024 1506 2109 χλωρὸν
1551 2021 1702 2100 δέος
1747 2021 1981 2109 ᾔρειν.]

374 2129 455 2211 δὴ
502 2126 636 2193 τότ’
691 2125 905 2192 ἔπειθ’
958 2126 1292 2214 ἑτάροισιν
1338 2128 1703 2214 ἐποτρύνας
1748 2127 2060 2194 ἐκέλευσα

372 2238 575 2318 μῆλα,
620 2233 701 2298 τὰ
747 2233 830 2315 δὴ
876 2231 1188 2299 κατέκειτ’
1243 2231 1625 2319 ἐσφαγμένα
1668 2231 1855 2317 νηλέι
1899 2238 2149 2323 χαλκῷ,
2321 2250 2391 2300 45

372 2341 718 2426 δείραντας
762 2345 1110 2422 κατακῆαι,
1158 2338 1560 2417 ἐπεύξασθαι
1605 2335 1679 2404 δὲ
1723 2344 2019 2424 θεοῖσιν,

373 2446 633 2532 ἰφθίμῳ
679 2440 737 2507 τ’
785 2440 968 2529 Ἀίδῃ
1013 2441 1125 2509 καὶ
1170 2443 1406 2530 ἐπαινῇ
1453 2448 1939 2531 Περσεφονείῃ·

372 2551 570 2627 αὐτὸς
615 2545 688 2614 δὲ
736 2546 927 2634 ξίφος
970 2547 1088 2628 ὀξὺ
1135 2549 1583 2635 ἐρυσσάμενος
1624 2551 1803 2637 παρὰ
1848 2560 2064 2638 μηροῦ

370 2657 575 2740 ἥμην,
623 2652 770 2720 οὐδ’
824 2660 981 2719 εἴων
1023 2655 1282 2720 νεκύων
1329 2654 1623 2740 ἀμενηνά
1664 2656 1921 2741 κάρηνα

372 2761 644 2844 αἵματος
690 2754 899 2825 ἆσσον
945 2766 1124 2845 ἴμεν,
1169 2759 1332 2846 πρὶν
1385 2763 1725 2847 Τειρεσίαο
1770 2759 2130 2828 πυθέσθαι.
2321 2778 2391 2828 50

458 2865 684 2951 πρώτη
732 2862 806 2930 δὲ
851 2867 1029 2950 ψυχὴ
1071 2864 1474 2952 Ἐλπήνορος
1518 2861 1731 2949 ἦλθεν
1776 2864 2070 2953 ἑταίρου·

371 2970 455 3037 οὐ
498 2972 625 3057 γάρ
671 2990 773 3035 πω
821 2969 1141 3036 ἐτέθαπτο
1185 2971 1316 3035 ὑπὸ
1363 2972 1612 3055 χθονὸς
1655 2971 2072 3057 εὐρυοδείης·

372 3088 562 3161 σῶμα
607 3076 737 3161 γὰρ
783 3074 858 3140 ἐν
902 3078 1154 3162 Κίρκης
1199 3077 1464 3166 μεγάρῳ
1509 3079 1975 3162 κατελείπομεν
2018 3076 2205 3162 ἡμεῖς
2247 3111 2252 3115 ·

370 3184 700 3248 ἄκλαυτον
744 3179 856 3246 καὶ
900 3182 1236 3264 ἄθαπτον,
1284 3179 1424 3246 ἐπεὶ
1467 3183 1674 3259 πόνος
1717 3183 1918 3259 ἄλλος
1960 3186 2234 3266 ἔπειγεν.

367 3289 487 3354 τὸν
530 3284 652 3372 μὲν
698 3287 825 3370 ἐγω
873 3287 1172 3373 δάκρυσα
1219 3288 1384 3352 ἰδὼν
1428 3285 1662 3371 ἐλέησά
1704 3310 1775 3354 τε
1818 3292 2018 3377 θυμῷ
2318 3304 2387 3356 65
2425 3287 2432 3293 ’

367 3397 484 3460 καί
522 3417 637 3478 μιν
683 3396 999 3479 φωνήσας
1042 3396 1199 3458 ἔπεα
1242 3395 1599 3479 πτερόεντα
1641 3394 2070 3480 προσηύδων·

369 3497 740 3586 ,Ἐλπῆνορ,
785 3510 925 3576 πῶς
967 3494 1172 3582 ἦλθες
1215 3498 1346 3565 ὑπὸ
1395 3501 1601 3583 ζόφον
1644 3498 1986 3585 ἠερόεντα;
