2646 3932
331 169 417 231 42
1074 170 1492 220 ΟΔΎΣΣΕΙΑΣ
1529 170 1591 224 Γ.

332 309 478 378 οὐδ’
532 311 779 394 ὀλίγον.
826 314 913 377 σὺ
959 307 1032 376 δὲ
1077 320 1339 395 τοῦτον,
1386 309 1525 376 ἐπεὶ
1571 312 1723 377 τεὸν
1767 312 1943 377 ἵκετο
1991 313 2206 396 δῶμα,

331 416 592 502 πέμψον
638 419 766 483 σὺν
813 418 1032 505 δίφρῳ
1076 440 1145 482 τε
1190 414 1301 481 καὶ
1345 415 1504 481 υἱέι·
1551 417 1668 494 δὸς
1713 414 1794 482 δέ
1833 417 1906 482 οί
1944 418 2215 497 ἵππους,

333 523 404 587 οἵ
442 545 546 588 τοι
593 522 1029 608 ἐλαφρότατοι
1071 524 1288 587 θείειν
1331 519 1443 588 καὶ
1487 522 1726 607 κάρτος
1771 524 2091 609 ἅριστοι.“
2248 540 2353 588 370

420 622 510 705 ὦς
555 629 683 712 ἄρα
729 625 1074 712 φωνήσασ’
1127 627 1337 712 ἀπέβη
1383 631 1760 711 γλαυκῶπις
1800 626 2049 714 Ἀθήνη

334 737 515 819 φήνῃ
562 731 895 817 εἰδομένη·
940 734 1202 817 θάμβος
1249 732 1311 798 δ’
1366 733 1471 800 ἕλε
1516 734 1765 811 πάντας
1812 735 2092 812 ἰδόντας.

332 840 669 925 θαύμαζεν
715 836 776 904 δ’
830 838 866 905 6
910 842 1203 925 γεραιός,
1250 839 1427 916 ὅπως
1474 840 1618 905 ἴδεν
1662 839 2144 925 ὀφθαλμοῖσιν·

343 946 725 1030 Τηλεμάχου
763 942 825 1010 δ’
868 944 974 1011 ἕλε
1009 955 1228 1031 χεῖρα,
1274 948 1430 1022 ἔπος
1463 942 1521 1009 τ’
1565 943 1753 1031 ἔφατ’
1798 948 1872 1011 ἔκ
1905 943 1964 1010 τ’
2008 946 2355 1029 ὀνόμαζεν·

335 1045 432 1133 ,,ὦ
479 1052 705 1135 φίλος,
753 1050 835 1115 οὔ
882 1066 956 1116 σε
1002 1052 1206 1116 ἔολπα
1249 1050 1456 1116 κακὸν
1499 1048 1610 1117 καὶ
1655 1052 1933 1117 ἄναλκιν
1978 1054 2281 1132 ἔσεσθαι,

334 1158 397 1221 εἰ
439 1157 524 1241 δή
567 1178 672 1222 τοι
716 1154 846 1243 νέω
893 1151 1023 1221 ὧδε
1066 1154 1221 1222 θεοὶ
1264 1166 1562 1241 πομπῆες
1606 1156 1893 1223 ἕπονται.
2250 1174 2355 1223 376

335 1262 417 1327 οὐ
461 1257 585 1347 μὲν
628 1262 755 1346 γάρ
801 1286 901 1339 τις
945 1259 1046 1328 ὅδ’
1099 1262 1298 1339 ἄλλος
1337 1260 1654 1347 Ὀλύμπια
1701 1259 1947 1347 δώματ’
2000 1262 2318 1347 ἐχόντων,

335 1368 501 1434 ἀλλὰ
543 1368 712 1444 Διὸς
754 1368 1091 1453 θυγάτηρ,
1136 1368 1414 1452 κυδίστη
1460 1367 1896 1453 τριτογένεια,

337 1474 375 1557 ἥ
421 1497 524 1540 τοι
569 1471 680 1539 καὶ
725 1470 950 1557 πατέρ’
1002 1472 1250 1539 ἐσθλὸν
1296 1473 1370 1539 ἐν
1411 1471 1804 1560 Ἀργείοισιν
1850 1475 2052 1560 ἐτίμα.

336 1579 502 1646 ἀλλὰ
547 1577 780 1645 ἅνασσ’
832 1579 1051 1662 ἵληθι,
1099 1581 1343 1645 δίδωθι
1390 1579 1470 1646 δέ
1509 1603 1622 1666 μοι
1665 1580 1856 1659 κλέος
1901 1582 2178 1663 ἐσθλόν,
2253 1597 2358 1646 380

337 1686 513 1775 αὐτῷ
559 1683 671 1750 καὶ
715 1685 1022 1751 παίδεσσι
1067 1683 1177 1751 καὶ
1224 1688 1448 1772 αἰδοίῃ
1491 1690 1870 1774 παρακοίτι·

337 1791 446 1859 σοὶ
492 1789 554 1857 δ’
607 1786 693 1857 αὖ
739 1790 866 1875 ἐγὼ
913 1789 1077 1876 ῥέξω
1123 1794 1292 1874 βοῦν
1337 1787 1490 1875 ἦνιν
1536 1791 2003 1877 εὐρυμέτωπον

337 1898 666 1984 ἀδμήτην,
710 1897 798 1982 ἢν
842 1898 925 1963 οὔ
967 1918 1070 1964 πω
1115 1897 1245 1963 ὑπὸ
1295 1899 1492 1982 ζυγὸν
1536 1899 1784 1982 ἤγαγεν
1829 1898 2024 1986 ἀνήρ·

341 2007 459 2089 τήν
503 2028 607 2070 τοι
653 2003 780 2088 ἐγὼ
827 2003 990 2089 ῥέξω
1035 2005 1287 2089 χρυσὸν
1330 2004 1602 2091 κέρασιν
1646 2007 2056 2092 περιχεύας.“

426 2106 517 2189 ὦς
561 2108 748 2195 ἔφατ’
800 2110 1185 2195 εὐχόμενος,
1232 2119 1353 2177 τοῦ
1399 2109 1461 2177 δ’
1513 2114 1703 2178 ἔκλυε
1750 2115 2022 2190 Παλλὰς
2061 2111 2329 2196 Ἀθήνη.

338 2228 553 2283 τοῖσιν
599 2214 659 2282 δ’
710 2215 1071 2300 ἡγεμόνευε
1122 2219 1437 2301 Γερήνιος
1485 2218 1725 2282 ἱππότα
1770 2216 2080 2305 Νέστωρ,
2255 2235 2359 2285 380

342 2324 522 2389 υἱάσι
564 2321 675 2388 καὶ
719 2326 1150 2407 γαμβροῖσιν,
1195 2322 1268 2388 ἑὰ
1314 2324 1481 2409 πρὸς
1526 2323 1794 2406 δώματα
1836 2326 2021 2390 καλά.

340 2427 482 2494 ἀλλ’
535 2429 643 2494 ὅτε
689 2426 949 2513 δώμαθ’
1000 2429 1224 2495 ἵκοντο
1272 2428 1605 2512 ἀγακλυτὰ
1648 2440 1791 2494 τοῖο
1838 2430 2146 2513 ἄνακτος,

340 2535 546 2619 ἑξείης
591 2533 813 2614 ἕζοντο
860 2536 1024 2601 κατὰ
1067 2536 1386 2619 κλισμούς
1429 2558 1499 2601 τε
1545 2539 1840 2621 θρόνους
1885 2555 1980 2601 τε·

343 2652 477 2719 τοῖς
524 2639 584 2707 δ’
638 2641 674 2707 6
719 2640 935 2726 γέρων
980 2640 1299 2707 ἐλθοῦσιν
1345 2640 1472 2707 ἀνὰ
1516 2651 1808 2727 κρητῆρα
1854 2639 2174 2727 κέρασσεν
2256 2658 2361 2707 390

341 2754 534 2814 οἴνου
576 2747 968 2830 ἡδυπότοιο,
1012 2748 1130 2813 τὸν
1176 2746 1501 2836 ἑνδεκάτῳ
1549 2746 1828 2835 ἐνιαυτῷ

342 2855 534 2935 ὤιξεν
578 2857 775 2939 ταμίη
822 2852 931 2920 καὶ
978 2853 1106 2919 ἀπὸ
1152 2855 1530 2939 κρήδεμνον
1574 2855 1838 2918 ἔλυσεν·

344 2969 461 3027 τοῦ
507 2960 543 3027 6
587 2959 804 3045 γέρων
846 2968 1141 3045 κρητῆρα
1186 2962 1550 3046 κεράσσατο
1568 3007 1587 3041 ,
1634 2960 1845 3025 πολλὰ
1892 2956 1954 3024 δ’
2001 2956 2253 3044 Ἀθήνῃ

342 3064 549 3152 εὔχετ’
603 3064 1040 3132 ἀποσπένδων
1085 3066 1294 3152 κούρῃ
1343 3066 1509 3143 Διὸς
1555 3067 1898 3149 αἰγιόχοιο.

343 3175 550 3260 αὐτὰρ
598 3171 735 3239 ἐπεὶ
782 3174 1060 3238 σπεῖσάν
1104 3196 1175 3238 τε
1219 3175 1377 3237 πίον
1421 3169 1523 3254 θ’,
1570 3171 1733 3237 ὅσον
1777 3172 1979 3255 ἤθελε
2022 3171 2271 3254 θυμός,

345 3282 416 3347 οῖ
454 3274 576 3366 μὲν
617 3282 1030 3355 κακκείοντες
1075 3281 1235 3362 ἔβαν
1282 3280 1543 3344 οἰκόνδε
1590 3276 1891 3360 ἕκαστος,
2256 3292 2361 3342 396

345 3388 460 3453 τὸν
505 3384 568 3453 δ’
621 3385 828 3452 αὐτοῦ
872 3387 1142 3469 κοίμησε
1193 3386 1508 3468 Γερήνιος
1554 3384 1794 3449 ἱππότα
1838 3381 2147 3467 Νέστωρ,

353 3491 732 3579 Τηλέμαχον
779 3494 980 3576 φίλον
1024 3491 1176 3556 υἱὸν
1216 3487 1576 3573 Ὀδυσσῆος
1619 3492 1869 3570 θείοιο,
