2646 3932
988 164 1407 215 οΔΤΣΣΕΙΑΣ
1444 165 1535 217 IV.
2187 159 2274 223 65

250 306 332 388 δὴ
382 307 529 370 τότε
573 308 990 390 κοιμήθημεν
1035 303 1143 371 ἐπὶ
1188 306 1459 392 ῥηγμῖνι
1504 305 1863 389 θαλάσσης.
2171 319 2274 369 575

254 405 417 494 ἦμος
465 409 527 476 δ’
581 410 916 497 ἠριγένεια
961 412 1142 496 φάνη
1191 411 1681 497 ῥοδοδάκτυλος
1719 408 1920 493 Ἠώς,

250 526 414 600 νῆας
460 514 582 601 μὲν
628 518 1034 603 πάμπρωτον
1080 517 1451 602 ἐρύσσαμεν
1497 518 1591 593 εἰς
1636 516 1761 581 ἄλα
1807 517 1990 600 δῖαν,

250 621 321 687 ἐν
371 620 433 686 δ’
489 624 712 700 ἱστοὺς
756 622 1125 707 τιθέμεσθα
1169 621 1282 688 καὶ
1329 623 1503 688 ίστία
1547 620 1791 707 νηυσὶν
1837 622 2047 708 ἐίσῃς,

252 726 336 792 ἂν
384 725 456 794 δὲ
499 728 612 794 καὶ
658 728 850 795 αὐτοὶ
894 729 1130 813 βάντες
1175 727 1282 794 ἐπὶ
1326 734 1547 813 κληῖσι
1592 731 1901 810 καθῖζον,

252 832 397 917 ἑξῆς
443 832 521 923 δ’,
562 834 854 919 ἑζόμενοι
898 834 1141 917 πολιὴν
1186 835 1312 899 ἅλα
1356 835 1606 900 τύπτον
1653 833 1963 920 ἐρετμοῖς.
2166 850 2274 898 580

251 937 343 1015 ἂψ
390 936 455 1004 δ’
508 943 602 1018 εἰς
647 942 1016 1025 Αἰγύπτοιο
1077 939 1400 1016 διιπετέος
1444 950 1766 1025 ποταμοῖο

250 1054 457 1128 στῆσα
498 1046 652 1124 νέας
696 1044 807 1113 καὶ
853 1047 1039 1133 ἔρεξα
1084 1044 1438 1129 τεληέσσας
1484 1044 1860 1130 ἑκατόμβας.

249 1149 459 1237 αὐτὰρ
508 1152 648 1218 ἐπεὶ
691 1151 1066 1219 κατέπαυσα
1111 1158 1295 1217 θεῶν
1341 1154 1542 1236 χόλον
1587 1148 1733 1217 αἰὲν
1777 1152 2056 1234 ἐόντων,

248 1255 387 1340 χεῦ’
434 1254 869 1342 ’Λγαμέμνονι
912 1259 1196 1342 τύμβον,
1244 1256 1332 1322 ἵν’
1386 1259 1710 1345 ἄσβεστον
1754 1256 1944 1335 κλέος
1988 1262 2108 1340 εἴη.

248 1370 452 1427 ταῦτα
495 1365 885 1447 τελευτήσας
929 1366 1208 1448 νεόμην,
1255 1364 1500 1430 ἔδοσαν
1547 1361 1627 1429 δέ
1666 1387 1779 1449 μοι
1824 1358 2032 1449 οὖρον
2162 1378 2266 1428 585

248 1467 607 1552 ἀθάνατοι,
644 1473 755 1534 τοί
794 1466 861 1554 μ’
915 1466 1051 1536 ὦκα
1097 1474 1304 1555 φίλην
1351 1469 1418 1547 ἐς
1461 1467 1724 1555 πατρίδ’
1777 1472 2091 1554 ἔπεμψαν.

249 1572 392 1639 ἀλλ’
446 1576 563 1657 ἄγε
607 1585 736 1640 νῦν
782 1575 1121 1660 ἐπίμεινον
1165 1573 1266 1641 ένὶ
1311 1576 1703 1661 μεγάροισιν
1749 1575 2039 1661 ἐμοῖσιν,

249 1682 427 1766 ὄφρα
469 1705 585 1746 κεν
630 1680 942 1766 ἑνδεκάτη
988 1705 1059 1748 τε
1106 1682 1488 1766 δυωδεκάτη
1534 1705 1604 1746 τε
1649 1680 1947 1765 γένηται·

248 1784 357 1852 καὶ
400 1790 546 1853 τότε
592 1784 655 1852 σ’
708 1782 784 1853 εὖ
830 1787 1095 1872 πέμψω,
1144 1787 1337 1853 δώσω
1386 1786 1465 1853 δέ
1503 1810 1609 1854 τοι
1655 1787 1868 1870 ἀγλαὰ
1914 1789 2126 1873 δῶρα,

248 1903 421 1978 τρεῖς
465 1894 706 1972 ἵππους
751 1892 860 1959 καὶ
907 1895 1155 1980 δίφρον
1202 1893 1463 1974 ἐύξοον·
1510 1894 1717 1981 αὐτὰρ
1765 1896 1986 1959 ἔπειτα
2164 1908 2268 1958 590

251 2001 441 2064 δώσω
488 2002 691 2066 καλὸν
738 2002 1035 2083 ἄλεισον,
1082 2002 1194 2066 ἵνα
1239 1999 1632 2086 σπένδῃσθα
1676 2006 1943 2066 θεοῖσιν

250 2104 610 2182 ἀθανάτοις
655 2104 894 2190 ἐμέθεν
938 2105 1350 2191 μεμνημένος
1394 2108 1608 2191 ἤματα
1653 2108 1930 2172 πάντα.“

335 2213 454 2277 τὸν
499 2210 561 2276 δ’
614 2207 698 2277 αὖ
753 2211 1131 2297 Τηλέμαχος
1174 2211 1591 2297 πεπνυμένος
1636 2212 1866 2277 ἀντίον
1911 2213 2114 2296 ηὔδα·

249 2316 613 2404 ,,Ἀτρεΐδη,
659 2318 747 2402 μὴ
795 2319 878 2403 δή
924 2342 1003 2403 με
1047 2322 1263 2385 πολὺν
1308 2321 1554 2405 χρόνον
1600 2316 1833 2384 ἐνθάδ’
1887 2321 2095 2405 ἔρυκε.

248 2422 356 2489 καὶ
393 2424 520 2509 γάρ
555 2422 616 2490 κ’
661 2426 755 2501 εἰς
792 2423 1100 2491 ἐνιαυτὸν
1136 2424 1263 2507 ἐγὼ
1300 2425 1480 2509 παρὰ
1517 2427 1632 2490 σοί
1651 2423 1716 2507 γ’
1756 2424 2111 2508 ἀνεχοίμην
2159 2439 2262 2488 595

249 2530 515 2613 ἥμενος,
561 2529 726 2595 οὐδέ
764 2529 842 2596 κέ
883 2528 950 2614 μ’
1004 2536 1194 2595 οἴκου
1241 2530 1381 2596 ἕλοι
1426 2533 1640 2607 πόθος
1687 2526 1844 2595 οὐδὲ
1890 2532 2174 2613 τοκήων·

248 2638 448 2713 αἰνῶς
489 2637 617 2722 γὰρ
662 2637 984 2720 μύθοισιν
1030 2639 1265 2702 ἔπεσσί
1304 2661 1372 2702 τε
1419 2648 1641 2702 σοῖσιν
1689 2637 1953 2701 ἀκούων

247 2740 590 2828 τέρπομαι·
654 2741 797 2807 ἀλλ’
850 2743 977 2826 ἤδη
1025 2765 1138 2826 μοι
1184 2742 1568 2821 ἀνιάζουσιν
1614 2741 1862 2828 ἑταῖροι

247 2848 321 2912 έν
368 2848 572 2936 Πύλῳ
617 2845 874 2933 ἠγαθέῃ
886 2895 905 2929 ,
952 2851 1036 2913 σὺ
1084 2847 1163 2913 δέ
1202 2871 1280 2933 με
1326 2851 1573 2934 χρόνον
1619 2846 1851 2914 ἐνθάδ’
1905 2848 2173 2933 ἐρύκεις.

248 2956 467 3040 δῶρον
513 2951 603 3037 δ’,
650 2953 788 3018 ὅττι
831 2952 910 3019 κέ
949 2977 1063 3038 μοι
1110 2955 1327 3037 δοίης,
1371 2957 1712 3038 κειμήλιον
1758 2957 1952 3020 ἔστω·
2159 2971 2262 3020 600

247 3062 488 3136 ἵππους
533 3057 594 3125 δ’
648 3061 742 3136 εἰς
782 3058 1050 3143 Ἰθάκην
1096 3060 1218 3126 οὐκ
1264 3060 1532 3144 ἄξομαι,
1581 3060 1749 3126 ἀλλὰ
1795 3058 1905 3125 σοὶ
1950 3060 2127 3149 αὐτῷ

247 3166 492 3231 ἐνθάδε
537 3169 740 3245 λείψω
787 3168 1077 3250 ἄγαλμα·
1144 3169 1228 3231 σὺ
1273 3168 1401 3252 γὰρ
1447 3167 1704 3232 πεδίοιο
1751 3166 2059 3243 ἀνάσσεις

247 3269 503 3358 εὐρέος,
550 3262 601 3360 ᾧ
649 3273 748 3337 ἔνι
793 3268 914 3355 μὲν
961 3273 1166 3349 λωτὸς
1208 3273 1447 3355 πολύς,
1495 3271 1568 3337 ἐν
1614 3269 1688 3338 δὲ
1731 3273 2049 3358 κύπειρον

244 3381 454 3464 πυροί
491 3400 561 3442 τε
609 3380 774 3455 ζειαί
811 3401 881 3443 τε
930 3375 1017 3442 ἰδ’
1072 3374 1403 3463 εὐρυφυὲς
1446 3388 1561 3463 κρῖ
1601 3380 1855 3443 λευκόν.

243 3484 318 3550 ἐν
356 3482 418 3550 δ’
455 3481 681 3568 Ἰθάκῃ
718 3481 857 3548 οὔτ’
901 3481 984 3569 ἄρ
1024 3484 1261 3569 δρόμοι
1298 3481 1518 3567 εὐρέες
1556 3483 1707 3549 οὔτε
1744 3506 1808 3547 τι
1837 3483 2106 3567 λειμών·
2154 3499 2256 3550 605

347 3599 549 3639 Ηοιιιιι
579 3596 615 3637 Ο
621 3607 812 3638 sssssss
867 3598 903 3636 Ι.
1798 3594 1829 3640 5
