2646 3932
364 163 495 227 134
1127 164 1543 216 οΔΤΣΣΕΙΑΣ
1578 164 1623 217 1.

356 307 433 372 αἱ
470 303 593 391 μὲν
638 304 837 374 ἔπειτ’
890 305 1195 393 ἐφέροντ’
1248 306 1652 392 ἐπικάρσιαι,
1700 307 1875 372 ἰστία
1920 303 2000 371 δέ
2039 322 2205 391 σφιν
2283 314 2372 371 ’70

356 413 597 500 τριχθά
640 436 711 478 τε
755 410 866 478 καὶ
909 413 1238 497 τετραχθὰ
1284 410 1613 497 διέσχισεν
1657 412 1720 489 ἲς
1764 409 2051 495 ἀνέμοιο.

358 516 470 584 καὶ
514 519 596 583 τὰ
640 513 762 603 μὲν
809 516 876 595 ἐς
921 526 1085 601 νῆας
1129 518 1423 602 κάθεμεν
1468 518 1804 594 δείσαντες
1849 518 2168 602 ὄλεθρον,

360 623 565 701 αὐτὰς
610 618 672 690 δ’
725 622 1099 708 ἐσσυμένως
1142 621 1635 710 προερέσσαμεν
1676 621 2045 707 ἠπειρόνδε.

359 732 529 795 ἔνθα
576 730 715 795 δύω
761 731 1004 807 νύκτας
1049 730 1173 796 δύο
1217 726 1277 794 τ’
1329 730 1543 812 ἤματα
1589 724 1857 813 συνεχὲς
1900 725 2030 794 αἰεὶ

357 832 613 920 κείμεθ’
666 835 835 921 ὁμοῦ
878 836 1145 924 καμάτῳ
1189 858 1260 900 τε
1294 833 1406 900 καὶ
1441 836 1669 917 ἄλγεσι
1702 835 1929 919 θυμὸν
1966 835 2243 911 ἔδοντες.
2306 851 2371 899 75

362 937 506 1006 ἀλλ’
560 940 667 1005 ὅτε
714 942 797 1025 δὴ
841 944 1068 1026 τρίτον
1111 935 1289 1026 ἦμαρ
1336 939 1744 1024 ἐυπλόκαμος
1786 937 1994 1006 τέλεσ’
2040 936 2239 1022 Ἠώς,

361 1046 585 1123 ἱστοὺς
628 1047 1027 1131 στησάμενοι
1072 1046 1199 1112 ἀνά
1242 1044 1314 1111 θ’
1371 1047 1545 1112 ἱστία
1589 1043 1766 1111 λεύκ’
1820 1044 2171 1130 ἐρύσαντες

360 1151 609 1236 ἥμεθα,
653 1152 770 1228 τὰς
814 1146 877 1217 δ’
928 1153 1168 1236 ἄνεμός
1210 1176 1280 1217 τε
1325 1154 1730 1238 κυβερνῆταί
1765 1146 1824 1216 τ’
1875 1157 2138 1217 ἴθυνον.

359 1258 477 1323 καί
514 1258 601 1323 νύ
644 1281 762 1323 κεν
807 1256 1107 1342 ἀσκηθὴς
1153 1258 1391 1342 [κόμην
1436 1256 1502 1334 ἐς
1546 1258 1831 1344 πατρίδα
1875 1267 2100 1341 γαῖαν·

362 1362 530 1429 ἀλλά
575 1387 656 1448 με
700 1372 876 1448 κῦμα
922 1364 1077 1449 ῥόος
1121 1387 1190 1429 τε
1236 1363 1808 1449 περιγνάμπτοντα
1852 1364 2159 1430 Μάλειαν
2308 1379 2375 1429 80

360 1467 472 1535 καὶ
517 1467 769 1554 Βορέης
814 1467 1098 1553 ἀπέωσε,
1141 1467 1597 1555 παρέπλαγξεν
1642 1466 1717 1536 δὲ
1760 1472 2118 1556 Κυθήρων.

450 1577 651 1641 ἔνθεν
697 1573 759 1641 δ’
813 1574 1102 1660 ἐννῆμαρ
1149 1577 1451 1661 φερόμην
1496 1576 1716 1653 ὀλοοῖς
1760 1573 2104 1660 ἀνέμοισιν

362 1683 611 1746 πόντον
657 1678 763 1769 ἐπ’.
811 1683 1196 1767 ἰχθυόεντα·
1242 1680 1406 1766 ἀτὰρ
1454 1682 1692 1767 δεκάτῃ
1739 1679 2060 1766 ἐπέβημεν

361 1789 553 1872 γαίης
594 1788 1058 1873 Λωτοφάγων,
1105 1788 1176 1853 οἵ
1214 1785 1272 1853 τ’
1326 1789 1611 1854 ἄνθινον
1657 1784 1845 1874 εἶδαρ
1889 1789 2175 1854 ἔδουσιν.

362 1895 532 1959 ἔνθα
580 1891 640 1959 δ’
695 1887 796 1960 ἐπ’
845 1893 1123 1980 ἠπείρου
1170 1897 1380 1979 βῆμεν
1423 1891 1534 1960 καὶ
1580 1892 2002 1980 ἀφυσσάμεθ’
2053 1893 2260 1980 ὕδωρ,
2308 1910 2376 1960 86

363 1995 529 2079 αἶψα
574 1996 649 2066 δὲ
697 2001 971 2066 δεῖπνον
1016 1999 1247 2066 ἕλοντο
1291 2006 1464 2086 θοῇς
1507 2002 1684 2086 παρὰ
1727 1999 1971 2085 νηυσὶν
2014 1999 2279 2086 ἑταῖροι.

369 2104 581 2190 αὐτὰρ
626 2103 767 2171 ἐπεὶ
813 2109 1022 2171 σίτοιό
1067 2103 1125 2171 τ’
1178 2104 1582 2191 ἐπασσάμεθ’
1632 2102 1753 2190 ἠδὲ
1795 2115 2102 2190 ποτῆτος,

365 2211 448 2295 δὴ
496 2208 630 2276 τότ’
682 2210 854 2295 ἐγὼν
899 2210 1173 2297 ἑτάρους
1216 2214 1476 2297 προΐειν
1519 2213 1895 2277 πεύθεσθαι
1942 2214 2190 2297 ἰόντας,
2235 2209 2240 2214 ’

364 2317 437 2382 οῗ
473 2339 649 2394 τινες
694 2314 922 2403 ἀνέρες
964 2312 1109 2383 εἷεν
1145 2317 1251 2383 ἐπὶ
1294 2318 1496 2402 χθονὶ
1541 2329 1728 2384 σῖτον
1772 2320 2034 2396 ἔδοντες

372 2422 604 2507 [ἄνδρε
650 2422 790 2487 δύω
826 2425 1077 2508 κρίνας,
1122 2426 1428 2509 τρίτατον
1462 2418 1693 2509 κήρυχ’
1734 2422 1845 2509 ἅμ’
1888 2423 2225 2506 ὀπάσσας].
2309 2444 2376 2492 90

365 2528 437 2593 οἱ
477 2525 541 2592 δ’
594 2522 736 2605 αἶψ’
791 2530 1126 2613 οἰχόμενοι
1170 2531 1363 2614 μίγεν
1408 2528 1688 2614 ἀνδράσι
1732 2530 2261 2615 Λωτοφάγοισιν.

365 2632 512 2699 οὐδ’
566 2634 694 2720 ἄρα
737 2636 1142 2719 Λωτοφάγοι
1187 2629 1477 2719 μήδονθ’
1529 2634 1862 2721 ἑτάροισιν
1907 2637 2192 2722 ὄλεθρον

364 2738 732 2825 ἡμετέροις,
779 2740 946 2806 ἀλλά
992 2757 1114 2826 σφι
1159 2742 1369 2806 δόσαν
1416 2746 1652 2807 λωτοῖο
1698 2742 2059 2808 πάσασθαι.

364 2856 499 2911 τῶν
544 2843 606 2911 δ’
660 2845 734 2922 ὅς
776 2868 875 2922 τις
921 2850 1158 2911 λωτοῖο
1206 2847 1414 2930 φάγοι
1458 2845 1769 2931 μελιηδέα
1809 2849 2094 2932 καρπόν,

366 2948 579 3017 οὐκέτ’
634 2951 1024 3034 ἀπαγγεῖλαι
1066 2953 1267 3016 πάλιν
1312 2952 1557 3034 ἤθελεν
1601 2948 1760 3018 οὐδὲ
1801 2951 2105 3036 νέεσθαι,
2309 2970 2377 3019 95

371 3051 518 3122 ἀλλ’
573 3055 782 3122 αὐτοῦ
826 3057 1152 3142 βούλοντο
1200 3054 1335 3142 μετ’
1390 3057 1673 3143 ἀνδράσι
1716 3060 2231 3143 Λωτοφάγοισιν

365 3162 580 3228 λωτὸν
625 3161 1047 3248 ἐρεπτόμενοι
1092 3162 1370 3247 μενέμεν
1413 3166 1659 3229 νόστου
1701 3186 1773 3230 τε
1818 3163 2167 3229 λαθέσθαι.

368 3271 524 3345 τοὺς
567 3263 688 3353 μὲν
734 3267 905 3352 ἐγὼν
950 3266 1056 3334 ἐπὶ
1101 3277 1264 3352 νῆας
1309 3270 1476 3353 ἄγον
1520 3271 1868 3346 κλαίοντας
1911 3268 2193 3355 ἀνάγκῃ,

367 3372 568 3456 νηυσὶ
614 3371 676 3438 δ’
729 3371 830 3439 ἐνὶ
873 3378 1295 3460 γλαφυρῇσιν
1339 3374 1468 3439 ὑπὸ
1517 3374 1676 3458 ζυγὰ
1721 3375 1893 3458 δῆσα
1939 3372 2245 3461 ἐρύσσας·

368 3479 578 3564 αὐτὰρ
624 3482 783 3556 τοὺς
827 3480 1069 3556 ἄλλους
1112 3482 1401 3564 κελόμην
1446 3478 1710 3567 ἐρίηρας
1754 3477 2055 3566 ἑταίρους
2278 3497 2379 3558 ιοο
