2646 3932
385 206 509 274 166
1134 213 1561 288 οΔΉ-’ΣΕΙΑΣΔ
1585 214 1651 265 K.

380 347 547 438 ἄμφ’
597 347 697 438 ἔμ’
748 353 1178 441 ὀδυρόμενοι,
1225 355 1334 421 ὅτε
1378 378 1510 421 που
1557 356 1643 421 σύ
1686 379 1762 438 γε
1807 357 2014 441 νόσφι
2057 352 2343 439 γένηαι·

469 453 559 535 ὧς
603 457 896 545 ἐφάμην,
942 460 984 544 ἡ
1033 457 1094 526 δ’
1147 455 1359 526 αὐτίκ’
1411 460 1712 546 ἀμείβετο
1760 463 1872 527 δῖα
1914 462 2172 527 θεάων·

379 561 698 648 ,διογενὲς
739 568 1148 652 Λαερτιάδη,
1193 562 1606 652 πολυμήχαν’
1650 561 1996 650 Ὀδυσσεῦ,

378 669 607 754 μηκέτι
649 680 780 736 νῦν
826 671 1128 750 ἀέκοντες
1174 671 1307 762 ἐμῷ
1356 671 1458 739 ένὶ
1503 676 1770 758 μίμνετε
1817 678 1994 760 οἴκῳ.

378 770 524 840 ἀλλ’
565 779 774 863 ἄλλην
808 780 933 865 χρὴ
969 790 1236 866 πρῶτον
1273 778 1436 846 ὁδὸν
1470 777 1730 845 τελέσαι
1764 778 1875 844 καὶ
1922 777 2186 844 ἱκέσθαι
2296 795 2402 845 490
2505 798 2512 803 ·

375 883 473 959 εἰς
510 877 730 950 Ἀίδαο
778 885 1027 969 δόμους
1071 883 1182 951 καὶ
1228 883 1501 969 ἐπαινῆς
1546 885 2073 970 Περσεφονείης,

375 996 556 1075 ψυχῇ
601 988 1055 1076 χρησομένους
1101 993 1407 1075 Θηβαίου
1460 993 1834 1076 Τειρεσίαο,

374 1095 666 1179 μάντηος
711 1095 951 1179 ἀλαοῦ,
995 1105 1118 1163 τοῦ
1161 1120 1232 1162 τε
1279 1094 1521 1183 φρένες
1565 1096 1845 1182 ἔμπεδοί
1882 1081 2083 1161 εἰσιν·

376 1209 468 1288 τῷ
512 1199 624 1266 καὶ
668 1208 995 1287 τεθνηῶτι
1038 1205 1203 1269 νόον
1246 1204 1410 1290 πόρε
1457 1204 1945 1289 Περσεφόνεια,

378 1312 498 1395 οἴω
542 1314 953 1391 πεπνῦσθαι,
999 1306 1104 1374 τοὶ
1150 1304 1223 1373 δὲ
1269 1307 1449 1374 σκιαὶ
1494 1308 1886 1375 ἀίσσουσινέ
2294 1325 2401 1374 495

466 1407 555 1489 ὧς
599 1409 813 1498 ἔφατ’,
861 1414 1071 1500 αὐτὰρ
1116 1413 1270 1499 έμοί
1306 1438 1384 1497 γε
1427 1416 1843 1499 κατεκλάσθη
1892 1416 2095 1500 φίλον
2138 1409 2329 1501 ἦτορ·

376 1523 609 1584 κλαῖον
657 1513 717 1584 δ’
769 1518 842 1585 έν
887 1517 1180 1604 λεχέεσσι
1224 1523 1633 1605 καθήμενος,
1680 1520 1844 1586 οὐδέ
1882 1520 1969 1586 νύ
2014 1543 2130 1605 μοι
2172 1529 2297 1606 κῆρ

376 1618 567 1708 ἤθελ’
617 1626 715 1690 ἔτι
762 1625 949 1704 ζώειν
992 1623 1103 1691 καὶ
1148 1625 1313 1713 ὁρᾶν
1360 1626 1533 1711 φάος
1577 1626 1846 1710 ἠελίοιο.

378 1730 588 1816 αὐτὰρ
643 1727 784 1795 ἐπεὶ
826 1732 1076 1796 κλαίων
1119 1753 1188 1796 τε
1235 1732 1715 1815 κυλινδόμενός
1756 1754 1827 1796 τε
1870 1728 2239 1817 κορέσθην,

376 1834 488 1902 καὶ
530 1838 676 1902 τότε
724 1837 808 1918 δή
852 1860 968 1920 μιν
1014 1839 1281 1903 ἔπεσσιν
1329 1835 1762 1921 ἀμειβόμενος
1805 1835 2230 1923 προσέειπον·
2297 1851 2401 1902 500

379 1936 453 2025 ,ὦ
500 1944 746 2029 Κίρκη,
791 1945 891 2021 τίς
934 1943 1062 2029 γὰρ
1106 1942 1355 2027 ταύτην
1402 1942 1565 2009 ὁδὸν
1608 1941 2069 2028 ἡγεμονεύσεις

379 2050 474 2125 εἰς
503 2047 730 2125 ’Ἀιδος
777 2042 838 2113 δ’
890 2049 974 2114 οὔ
1018 2049 1120 2112 πώ
1164 2072 1265 2126 τις
1310 2048 1585 2134 ἀφίκετο
1629 2047 1744 2134 νηὶ
1789 2048 2107 2134 μελαίνῃὲ

468 2149 557 2231 ὥς
603 2154 895 2240 ἐφάμην,
941 2153 982 2236 ἡ
1032 2149 1094 2219 δ’
1144 2149 1356 2219 αὐτίκ’
1409 2153 1712 2238 ἀμείβετο
1758 2155 1872 2221 δῖα
1915 2155 2170 2220 θεάων·

377 2257 696 2345 ,διογενὲς
738 2261 1146 2345 Λαερτιάδη,
1192 2254 1605 2345 πολυμήχαν’
1650 2254 1998 2344 Ὀδυσσεῦ,

378 2369 469 2453 μή
513 2370 586 2432 τί
621 2389 727 2432 τοι
769 2365 1095 2450 ἡγεμόνος
1138 2389 1213 2448 γε
1256 2367 1441 2450 ποθὴ
1487 2367 1667 2452 παρὰ
1710 2364 1825 2450 νηὶ
1868 2363 2205 2451 μελέσθω,
2298 2382 2400 2432 505

381 2473 568 2539 ἰστὸν
614 2467 689 2538 δὲ
734 2474 978 2556 στήσας
1024 2472 1151 2538 ἀνά
1194 2467 1270 2536 θ’
1322 2473 1498 2537 ἱστία
1542 2472 1744 2537 λευκὰ
1787 2472 2115 2549 πετάσσας
2159 2517 2167 2525 ·

376 2572 612 2661 ἧσθαι·
657 2579 782 2661 τὴν
828 2576 907 2643 δέ
945 2576 1023 2643 κέ
1061 2600 1165 2642 τοι
1210 2578 1409 2660 πνοιὴ
1456 2575 1713 2664 Βορέαο
1759 2574 2061 2664 φέρῃσιν.

380 2676 525 2749 ἀλλ’
576 2676 760 2749 ὁπότ’
809 2681 894 2748 ἂν
941 2683 1023 2766 δὴ
1070 2681 1184 2767 νηὶ
1229 2677 1320 2747 δι’
1365 2678 1703 2748 Ὠκεανοῖο
1749 2684 2070 2768 περήσῃς,

376 2782 523 2855 ἔνθ’
574 2788 736 2873 ἀκτή
779 2811 851 2855 τε
897 2789 1124 2874 λάχεια
1166 2786 1279 2854 καὶ
1323 2790 1527 2854 ἄλσεα
1573 2779 2133 2873 Περσεφονείης,Δ

377 2897 626 2980 μακραί
661 2889 720 2960 τ’
772 2900 1052 2980 αἴγειροι
1095 2892 1207 2959 καὶ
1255 2892 1420 2959 ἰτέαι
1465 2894 1935 2980 ὠλεσίκαρποι,
2294 2910 2401 2961 510

376 3008 505 3084 νῆα
549 2996 672 3084 μὲν
716 2999 925 3066 αὐτοῦ
969 2998 1196 3066 κέλσαι
1241 2993 1344 3066 ἐπ’
1389 2995 1673 3089 Ὠκεανῷ
1719 3001 2091 3086 βαθυδίνῃ,

378 3106 577 3183 αὐτὸς
623 3099 686 3171 δ’
735 3107 830 3182 εἰς
869 3100 1094 3171 Ἀίδεω
1144 3104 1314 3172 ἰέναι
1362 3108 1571 3191 δόμον
1616 3105 1964 3192 εὐρώεντα.

377 3213 548 3277 ἔνθα
592 3207 715 3294 μὲν
760 3212 855 3289 εἰς
893 3208 1242 3297 Ἀχέροντα
1289 3210 1830 3297 Πυριφλεγέθων
1870 3234 1941 3277 τε
1988 3208 2259 3297 ῥέουσιν

376 3316 694 3394 Κώκυτός
736 3311 838 3400 θ’,
884 3315 958 3394 ὃς
1004 3316 1086 3401 δὴ
1134 3319 1397 3400 Στυγὸς
1440 3316 1685 3395 ὕδατός
1730 3317 1911 3383 ἐστιν
1957 3314 2294 3403 ἀπορρώξ,

378 3420 582 3507 πέτρη
627 3444 699 3489 τε
746 3421 1007 3503 ξύνεσίς
1048 3445 1120 3490 τε
1167 3424 1306 3489 δύω
1351 3434 1667 3508 ποταμῶν
1713 3421 2117 3509 ἐριδούπων·
2295 3436 2401 3485 515

379 3529 549 3593 ἔνθα
594 3522 655 3593 δ’
702 3522 943 3613 ἔπειθ’,
987 3528 1186 3615 ἥρως,
1231 3527 1593 3616 χριμφθεὶς
1630 3526 1852 3612 πέλας,
1897 3529 1987 3606 ὥς
2022 3543 2097 3593 σε
2131 3525 2400 3610 κελεύω,
