2646 3932
1019 187 1435 239 ΟΔΤΣΣΕῙΑΣ
1472 188 1564 241 IV.
2203 184 2287 248 57

273 324 416 392 ἀλλ’
469 322 545 393 εὖ
591 352 705 413 μοι
749 330 1137 413 κατάλεξον,
1183 329 1361 407 ὅπως
1404 330 1693 415 ἤντησας
1737 329 2021 413 ὀπωπῆς.

273 435 611 518 λίσσομαι,
659 441 726 502 εἰ
761 434 925 502 ποτέ
971 438 1083 502 τοί
1120 458 1185 502 τι
1227 437 1441 522 πατὴρ
1480 435 1634 521 ἐμὸς
1668 434 1910 512 ἐσθλὸς
1939 432 2293 511 Ὀδυσσεὺς

271 537 314 623 ἢ
360 541 514 617 ἔπος
557 538 640 623 ήέ
679 563 743 606 τι
786 544 984 627 ἔργον
1027 539 1320 619 ὑποστὰς
1364 539 1771 621 ἐξετέλεσσεν

275 645 458 735 δήμῳ
505 648 606 712 ἔνι
659 647 936 733 Τρώων,
982 647 1100 713 ὅθι
1143 649 1422 733 πάσχετε
1466 645 1707 732 πήματ’
1753 645 2031 733 Ἀχαιοί,
2188 663 2291 711 330

272 763 407 817 τῶν
450 761 581 819 νῦν
622 776 737 838 μοι
780 762 1028 838 μνῆσαι
1070 757 1188 820 καί
1224 777 1342 839 μοι
1384 750 1700 841 νημερτὲς
1744 753 2069 830 ἐνίσπες.“

361 859 481 924 τὸν
525 855 599 924 δὲ
642 857 786 944 μέγ’
838 859 1133 943 ὀχθήσας
1175 858 1478 946 προσέφη
1525 860 1771 940 ξανθὸς
1814 858 2187 936 Μενέλαος·

275 965 373 1047 ,,ὢ
418 967 651 1048 πόποι,
702 960 746 1048 ἦ
791 967 968 1049 μάλα
1013 967 1095 1050 δὴ
1142 969 1678 1053 κρατερόφρονος
1721 965 1967 1051 ἀνδρὸς
2012 964 2085 1030 ἐν
2130 964 2292 1049 εὐνῇ

274 1071 525 1153 ἤθελον
570 1071 941 1155 εὐνηθῆναι
987 1061 1348 1149 ἀνάλκιδες
1381 1071 1574 1138 αὐτοὶ
1619 1071 1855 1150 ἐόντες.

276 1177 365 1254 ὡς
410 1174 473 1243 δ’
525 1176 707 1243 ὁπότ’
759 1177 833 1243 ἐν
878 1177 1130 1267 ξυλόχῳ
1177 1181 1424 1263 ἔλαφος
1466 1189 1810 1265 κρατεροῖο
1856 1175 2124 1253 λέοντος
2190 1191 2295 1240 335

274 1285 555 1369 νεβροὺς
598 1286 966 1369 κοιμήσασα
1008 1283 1359 1369 νεηγενέας
1400 1287 1828 1369 γαλαθηνοὺς

274 1392 569 1474 κνημοὺς
614 1388 903 1476 ἐξερέῃσι
945 1389 1058 1457 καὶ
1101 1392 1302 1475 ἄγκεα
1347 1393 1661 1476 ποιήεντα

276 1494 677 1581 βοσκομένη,
726 1495 763 1562 ὁ
809 1493 871 1562 δ’
923 1499 1144 1563 ἔπειτα
1190 1496 1307 1581 ἑὴν
1353 1498 1711 1581 εἰσήλυθεν
1756 1496 1990 1580 εὐνήν,

278 1601 710 1689 ἀμφοτέροισι
755 1599 830 1669 δὲ
874 1614 1091 1668 τοῖσιν
1137 1601 1356 1670 ἀεικέα
1400 1605 1655 1688 πότμον
1699 1601 1943 1685 ἐφῆκεν
1958 1648 1978 1684 ,

279 1703 369 1786 ὧς
408 1706 718 1787 Ὀδυσεὺς
761 1712 1081 1775 κείνοισιν
1128 1708 1347 1775 ἀεικέα
1390 1712 1643 1794 πότμον
1688 1709 1937 1793 ἐφήσει.
2193 1723 2296 1772 340

280 1815 354 1880 αἲ
393 1815 551 1897 γάρ,
599 1819 731 1880 Ζεῦ
774 1838 846 1880 τε
888 1815 1092 1902 πάτερ
1138 1814 1250 1881 καὶ
1287 1813 1608 1900 Ἀθηναίη
1653 1814 1766 1881 καὶ
1792 1813 2154 1895 Ἄπολλον,

278 1931 458 2000 τοῖος
501 1920 661 2006 ἐών,
707 1914 847 2000 οἷός
890 1920 1036 1989 ποτ’
1090 1920 1437 2008 ἐυκτιμένῃ
1484 1919 1585 1988 ἐνὶ
1628 1919 1866 2010 Λέσβῳ

279 2026 348 2107 ἐξ
392 2028 611 2112 ἔριδος
662 2029 1107 2114 Φιλομηλεΐδῃ
1152 2027 1507 2094 ἐπάλαισεν
1552 2026 1870 2111 ἀναστάς,

278 2134 406 2200 κὰδ
452 2132 513 2199 δ’
565 2136 778 2218 ἔβαλεΔ
800 2146 1163 2221 κρατερῶς,
1216 2136 1576 2220 κεχάροντο
1622 2130 1697 2201 δὲ
1741 2135 1981 2211 πάντες
2019 2132 2295 2220 Ἀχαιοί,

280 2252 458 2320 τοῖος
503 2240 631 2307 ἐὼν
674 2250 1083 2328 μνηστῆρσιν
1128 2239 1503 2326 ὁμιλήσειεν
1541 2238 1921 2319 Ὀδυσσεύς·
2193 2258 2297 2306 345

280 2349 518 2425 πάντες
560 2345 621 2413 κ’
674 2348 1015 2433 ὠκύμοροί
1051 2370 1122 2413 τε
1165 2350 1472 2430 γενοίατο
1517 2349 1924 2433 πικρόγαμοί
1959 2371 2047 2413 τε.

281 2462 485 2518 ταῦτα
531 2451 593 2520 δ’
611 2501 632 2537 ,
677 2454 721 2519 ἅ
765 2451 832 2538 μ’
885 2455 1156 2542 εἰρωτᾷς
1200 2453 1312 2521 καὶ
1357 2458 1643 2539 λίσσεαι,
1690 2455 1815 2520 οὐκ
1858 2453 1943 2520 ἂν
1987 2453 2114 2537 ἐγώ
2162 2477 2235 2536 γε

282 2560 448 2653 ἄλλα
492 2556 695 2646 παρὲξ
740 2565 989 2645 εἴποιμι
1031 2562 1474 2647 παρακλιδόν,
1521 2559 1667 2626 οὐδ’
1721 2560 2063 2645 ἀπατήσω,

283 2664 450 2731 ἀλλὰ
492 2665 574 2731 τὰ
618 2664 740 2750 μέν
783 2688 898 2750 μοι
943 2668 1116 2732 ἐειπε
1159 2664 1378 2753 γέρων
1421 2667 1608 2744 ἅλιος
1650 2668 2005 2752 νημερτής,

283 2783 416 2837 τῶν
462 2769 665 2837 οὐδέν
708 2795 813 2839 τοι
859 2771 985 2854 ἐγὼ
1030 2772 1262 2858 κρύψω
1309 2775 1465 2851 ἔπος
1509 2770 1657 2839 οὐδ’
1709 2771 2047 2839 ἐπικεύσω.
2196 2789 2299 2838 350

372 2878 687 2966 Αἰγύπτῳ
734 2876 803 2963 μ’
855 2880 951 2944 ἔτι
997 2879 1198 2965 δεῦρο
1241 2876 1397 2945 θεοὶ
1442 2889 1750 2963 μεμαῶτα
1794 2877 2068 2945 νέεσθαι

283 2986 511 3069 ἔσχον,
555 2982 695 3051 ἐπεὶ
742 2986 825 3051 οὔ
870 3001 1036 3069 σφιν
1079 2985 1267 3070 ἔρεξα
1308 2982 1662 3068 τεληέσσας
1705 2983 2083 3071 ἑκατόμβας.

285 3091 384 3173 [οἱ
423 3088 484 3156 δ’
537 3089 667 3158 αἰεὶ
709 3092 1036 3176 βούλοντο
1078 3089 1233 3157 θεοὶ
1275 3096 1657 3176 μεμνῆσθαι
1700 3090 2079 3176 ἐφετμέων.]

284 3206 488 3282 νῆσος
532 3199 752 3264 ἔπειτά
795 3221 896 3275 τις
939 3199 1078 3263 ἔστι
1121 3197 1555 3286 πολυκλύστῳ
1601 3196 1702 3264 ἐνὶ
1746 3200 1964 3288 πόντῳ

283 3304 631 3387 Αἰγύπτου
673 3305 1119 3391 προπάροιθε,
1171 3303 1403 3389 Φάρον
1448 3301 1528 3369 δέ
1568 3301 1603 3370 ἑ
1643 3307 2142 3388 κικλήσκουσιν,
2200 3320 2300 3370 355

284 3413 528 3476 τόσσον
572 3409 835 3494 ἄνευθ’,
881 3411 1088 3476 ὅσσον
1132 3433 1200 3475 τε
1245 3412 1614 3496 πανημερίη
1659 3411 1969 3497 γλαφυρὴ
2015 3419 2179 3494 νηῦς

285 3518 561 3601 ἤνυσεν,
607 3507 651 3602 ᾖ
695 3519 882 3599 λιγὺς
926 3510 1128 3603 οὖρος
1171 3515 1584 3601 ἐπιπνείῃσιν
1629 3517 1939 3582 ὄπισθεν·
