2646 3932
376 230 462 295 68
1125 230 1542 283 οΔΤΣΣΕΙΑΣ
1578 232 1637 283 Δ.

376 377 542 451 Ζεὺς
587 373 835 440 ὀλέσειε
880 375 1035 457 βίην
1078 372 1239 459 πρὶν
1282 373 1449 456 ἥβης
1494 371 1737 459 μέτρον
1784 371 2065 437 ἱκέσθαι.

373 478 517 545 ἀλλ’
571 482 690 563 ἄγε
735 504 849 565 μοι
896 481 1045 545 δότε
1091 487 1221 563 νῆα
1264 479 1444 563 θοὴν
1486 475 1598 543 καὶ
1642 475 1846 544 εἴκοσ’
1901 477 2233 565 ἑταίρους,

373 587 549 671 ὄφρα
593 610 709 671 μιν
755 586 961 651 αὐτὸν
1008 586 1194 650 ἰόντα
1239 586 1604 668 λοχήσομαι
1648 580 1768 667 ἠδὲ
1813 584 2087 669 φυλάξω
2291 601 2394 651 670

377 691 450 757 ἐν
498 698 782 780 πορθμςό
823 689 1087 775 Ἰθάκης
1131 714 1201 755 τε
1247 692 1506 775 Σάμοιό
1552 713 1623 756 τε
1667 689 2187 774 παιπαλοέσσης,

371 798 460 875 ὡς
506 796 590 863 ἂν
639 797 1090 883 ἐπισμυγερῶς
1133 799 1550 862 ναυτίλλεται
1597 796 1815 862 εἵνεκα
1860 797 2168 880 πατρός.“

459 898 547 980 ὧς
593 900 823 988 ἔφαθ’,
872 902 944 968 οἱ
984 899 1046 967 δ’
1100 903 1227 986 ἄρα
1270 902 1512 978 πάντες
1559 899 1842 987 ἐπῄνεον
1886 898 2007 984 ἠδὲ
2051 901 2344 969 κέλευον.

370 1006 582 1074 αὐτίκ’
635 1005 832 1073 ἔπειτ’
887 1007 1244 1084 ἀνστάντες
1289 1010 1452 1090 ἔβαν
1498 1008 1710 1091 δόμον
1754 1009 1850 1085 εἰς
1887 1005 2222 1091 Ὀδυσῆος.

458 1112 606 1180 οὐδ’
650 1115 778 1200 ἄρα
807 1115 1225 1196 Πηνελόπεια
1260 1115 1477 1178 πολὺν
1513 1115 1761 1198 χρόνον
1796 1108 1915 1196 ἦεν
1952 1114 2243 1192 ἄπυστος
2288 1131 2392 1181 675

369 1220 640 1304 μύθων,
687 1218 805 1296 οὓς
850 1227 1218 1305 μνηστῆρες
1263 1217 1365 1283 ἐνὶ
1410 1216 1610 1304 φρεσὶ
1654 1220 2187 1304 βυσσοδόμευον·

368 1325 575 1411 κῆρυξ
619 1325 747 1410 γάρ
793 1324 865 1389 οἰ
904 1326 1078 1389 ἔειπε
1123 1321 1406 1406 Μέδων,
1453 1323 1527 1401 ὃς
1572 1324 1891 1390 ἐπεύθετο
1937 1326 2185 1408 βουλὰς

370 1430 575 1513 αὐλῆς
619 1429 802 1507 ἐκτὸς
849 1429 1007 1512 ἐών,
1054 1429 1127 1494 οἰ
1167 1427 1229 1493 δ’
1282 1430 1519 1495 ἔνδοθι
1564 1438 1762 1514 μῆτιν
1805 1430 2116 1515 ὕφαινον.

369 1539 455 1620 βῆ
503 1534 565 1602 δ’
618 1542 767 1620 ἴμεν
812 1533 1144 1618 ἀγγελέων
1190 1535 1301 1600 διὰ
1348 1536 1615 1620 δώματα
1662 1539 2097 1622 Πηνελοπείῃ.

367 1643 488 1707 τὸν
532 1637 607 1707 δὲ
650 1637 792 1706 κατ’
845 1641 1056 1706 οὐδοῦ
1099 1640 1309 1724 βάντα
1354 1641 1704 1727 προσηύδα
1752 1645 2198 1725 Πηνελόπεια·
2287 1662 2392 1711 680

370 1747 650 1833 ,,κῆρυξ,
696 1748 878 1811 τίπτε
927 1745 1007 1812 δέ
1045 1762 1121 1812 σε
1165 1748 1459 1833 πρόεσαν
1504 1755 1873 1832 μνηστῆρες
1918 1747 2185 1830 ἀγαυοίς

367 1848 410 1937 ἦ
457 1851 788 1937 εἰπέμεναι
836 1852 1135 1937 δμωῇσιν
1175 1848 1535 1935 Ὀδυσσῆος
1577 1854 1797 1917 θείοιο

369 1960 584 2046 ἔργων
627 1959 1046 2042 παύσασθαι,
1095 1960 1286 2043 σφίσι
1334 1955 1397 2023 δ’
1450 1957 1679 2035 αὐτοῖς
1726 1958 1918 2025 δαῖτα
1963 1957 2316 2042 πένεσθαι;

369 2067 457 2149 μὴ
503 2064 1029 2149 μνηστεύσαντες
1073 2062 1227 2149 μηδ’
1282 2061 1517 2129 ἄλλοθ’
1572 2063 2003 2147 ὁμιλήσαντες

368 2170 617 2236 ὕστατα
660 2168 772 2236 καὶ
816 2171 1081 2255 πύματα
1123 2179 1253 2234 νῦν
1299 2168 1546 2234 ἐνθάδε
1593 2171 2034 2254 δειπνήσειαν.
2287 2192 2391 2241 685

370 2279 442 2342 οἳ
478 2274 643 2361 θάμ’
697 2276 1114 2362 ἀγειρόμενοι
1157 2277 1388 2358 βίοτον
1432 2277 1842 2362 κατακείρετε
1887 2281 2168 2362 πολλόν,

368 2391 601 2466 κτῆσιν
655 2383 1062 2467 Τηλεμάχοιο
1110 2381 1503 2465 δαΐφρονος·
1569 2379 1734 2446 οὐδέ
1772 2405 1838 2446 τι
1881 2395 2151 2470 πατρῶν

368 2487 704 2573 ὑμετέρων
747 2489 823 2553 τὸ
868 2489 1169 2573 πρόσθεν
1215 2484 1517 2568 ἀκούετε,
1562 2488 1794 2564 παῖδες
1839 2486 2087 2572 ἐόντες,

372 2586 511 2671 οἷος
549 2592 903 2669 Ὀδυσσεὺς
948 2595 1095 2656 ἔσκε
1140 2589 1292 2676 μεθ’
1345 2590 1718 2677 ὑμετέροισι
1763 2603 2068 2660 τοκεῦσιν
2088 2641 2110 2679 ,

371 2699 523 2765 οὔτε
567 2700 717 2764 τινὰ
764 2696 953 2784 ῥέξας
999 2697 1288 2777 ἐξαίσιον
1335 2697 1487 2761 οὔτε
1531 2719 1597 2761 τι
1642 2699 1848 2764 εἰπὼν
2284 2720 2389 2769 690

370 2804 445 2871 ἐν
490 2805 708 2893 δήμῳ,
753 2803 796 2886 ἥ
841 2799 898 2867 τ’
952 2800 1092 2868 ἐστὶ
1138 2803 1287 2886 δίκη
1335 2804 1546 2867 θείων
1590 2805 1958 2888 βασιλήων·

371 2912 576 2976 ἄλλον
620 2906 682 2975 κ’
737 2909 1088 2995 ἐχθαίρῃσι
1132 2911 1424 2993 βροτῶν,
1472 2909 1677 2973 ἄλλον
1719 2933 1793 2975 κε
1839 2913 2087 2995 φιλοίη.

370 3026 588 3093 κεῖνος
634 3012 695 3080 δ’
749 3015 832 3080 οὔ
875 3034 1035 3079 ποτε
1079 3014 1352 3097 πάμπαν
1398 3014 1784 3080 ἀτάσθαλον
1830 3017 2043 3101 ἄνδρα
2088 3016 2390 3103 ἐώργειν·

371 3117 515 3187 ἀλλ’
568 3120 605 3186 ὁ
651 3117 773 3205 μὲν
817 3118 1132 3205 ὑμέτερος
1176 3120 1396 3203 θυμὸς
1440 3116 1551 3184 καὶ
1596 3118 1814 3186 ἀεικέα
1859 3123 2019 3207 ἔργα

371 3229 706 3313 φαίνεται,
745 3224 909 3291 οὐδέ
939 3249 1039 3302 τις
1074 3227 1211 3290 ἔστι
1246 3225 1436 3310 χάρις
1469 3223 1815 3308 μετόπισθ’
1851 3225 2240 3311 ἐυεργέων.“
2285 3247 2388 3295 695

458 3335 581 3417 τὴν
628 3329 688 3397 δ’
740 3325 896 3397 αὖτε
940 3329 1288 3418 προσέειπε
1334 3329 1586 3396 Μέδων
1629 3330 2011 3415 πεπνυμένα
2055 3334 2275 3411 εἰδώς·

373 3440 492 3522 ,,αὶ“
530 3438 659 3522 γὰρ
705 3439 820 3521 δή,
866 3440 1196 3521 βασίλεια,
1241 3437 1396 3502 τόδε
1441 3440 1753 3501 πλεῖστον
1797 3439 2001 3504 κακὸν
2046 3444 2167 3522 εἴη.

373 3544 538 3609 ἀλλὰ
582 3546 756 3609 πολὺ
800 3546 1022 3628 μεῖζόν
1064 3565 1135 3608 τε
1178 3540 1290 3609 καὶ
1336 3542 1831 3629 ἀργαλεώτερον
1875 3543 2036 3610 ἄλλο
