2646 3932
1001 179 1418 230 ΟΔΤΣΣΕῙΑΣ
1454 180 1551 231 111.
2174 177 2263 243 33

240 318 325 383 οὐ
367 319 497 405 γάρ
541 343 641 397 τις
686 320 966 386 δύναται
1011 321 1198 405 σάφα
1242 319 1538 405 εἰπέμεν,
1584 317 1831 386 ὁππόθ’
1884 321 2166 404 ὄλωλεν,

240 431 309 490 εἰ
334 422 408 489 θ’
461 424 499 490 ὅ
532 422 599 508 γ’
645 423 745 490 ἐπ’
789 425 1068 512 ἠπείρου
1105 427 1280 511 δάμη
1318 425 1603 512 ἀνδράσι
1640 424 2148 511 δυσμενέεσσιν,
2194 442 2264 492 90

240 536 309 596 εἴ
344 553 415 596 τε
458 529 571 597 καὶ
619 530 698 597 ἐν
740 532 1010 615 πελάγει
1053 532 1216 617 μετὰ
1257 533 1548 617 κύμασιν
1586 529 2023 618 Ἀμφιτρίτης.

237 637 520 703 τούνεκα
563 645 693 703 νῦν
735 637 818 703 τὰ
863 638 949 703 σά
992 635 1278 721 γούναθ’
1325 638 1666 723 ἱκάνομαι,
1712 644 1791 704 αἴ
1816 635 1879 705 κ’
1922 636 2264 724 ἐθέλῃσθα

238 745 467 809 κείνου
511 745 765 831 λυγρὸν
810 745 1101 829 ὄλεθρον
1145 743 1471 827 ἐνισπεῖν,
1518 750 1587 811 εί
1622 765 1756 811 που
1801 746 2070 822 ὄπωπας

239 849 658 934 ὀφθαλμοῖσι
701 860 952 916 τεοῖσιν
996 848 1038 934 ἢ
1085 850 1293 917 ἄλλου
1339 856 1565 936 μῦθον
1610 851 1902 928 ἄκουσας

242 953 707 1039 [πλαζομένον
752 955 903 1042 πέρι
946 956 1074 1041 γάρ
1119 954 1238 1040 μιν
1281 955 1550 1042 ὀιζυρὸν
1591 954 1736 1021 τέκε
1781 958 2040 1043 μήτηρ.]
2194 973 2262 1023 95

239 1059 413 1145 μηδέ
451 1063 524 1126 τί
559 1058 628 1146 μ’
681 1062 1032 1145 αἰδόμενος
1075 1062 1410 1145 μειλίσσεο
1456 1058 1612 1145 μηδ’
1666 1059 2013 1146 ἐλεαίρων,

239 1165 382 1234 ἀλλ’
435 1162 512 1234 εὖ
556 1190 671 1252 μοι
711 1166 1103 1250 κατάλεξον,
1149 1166 1328 1244 ὅπως
1371 1167 1661 1251 ἤντησας
1707 1167 1993 1251 ὀπωπῆς.

238 1276 578 1358 λίσσομαι,
624 1279 693 1339 εἴ
727 1271 892 1339 ποτέ
928 1274 1041 1338 τοί
1076 1295 1142 1337 τι
1185 1271 1400 1358 πατὴρ
1447 1271 1600 1357 ἐμὸς
1636 1261 1879 1349 ἐσθλὸς
1908 1269 2263 1350 Ὀδυσσεὺς

238 1377 280 1463 ἢ
326 1382 482 1456 ἔπος
527 1377 610 1463 ἠέ
647 1402 714 1444 τι
758 1381 959 1465 ἔργον
1001 1377 1295 1455 ὑποστὰς
1341 1376 1748 1456 ἐξετέλεσσεν

239 1487 426 1574 δήμω
471 1487 574 1550 ἔνι
626 1484 904 1570 Τρώων,
950 1482 1068 1548 ὅθι
1111 1483 1392 1567 πάσχετε
1436 1480 1678 1567 πήματ’
1723 1480 2004 1567 Ἀχαιοί,
2158 1500 2260 1550 100

236 1604 371 1657 τῶν
414 1599 545 1657 νῦν
589 1614 704 1675 μοι
748 1597 1025 1675 μνῆσαι,
1072 1592 1189 1655 καί
1226 1613 1342 1674 μοι
1385 1585 1702 1674 νημερτὲς
1747 1589 2072 1667 ἐνίσπες.“

326 1698 445 1763 τὸν
491 1694 553 1763 δ’
605 1692 891 1781 ἠμείβετ’
943 1698 1164 1761 ἔπειτα
1210 1696 1530 1781 Γερήνιος
1577 1695 1818 1760 ίππότα
1863 1695 2170 1782 Νέστωρ·

239 1801 337 1888 „cb
384 1800 554 1889 φίλ’,
599 1802 747 1868 ἐπεί
783 1797 852 1885 μ’
906 1802 1193 1885 ἔμνησας
1238 1799 1488 1883 ὀιζύος,
1534 1799 1622 1883 ἢν
1667 1798 1741 1865 ἐν
1786 1799 2015 1891 ἐκείνω

240 1913 427 2000 δήμῳ
474 1906 837 1994 ἀνέτλημεν
882 1905 1081 1992 μένος
1125 1907 1391 1991 ἄσχετοι
1433 1897 1575 1984 υἷες
1613 1903 1921 1992 Ἀχαιῶν,

239 2014 405 2103 ἠμὲν
450 2016 575 2081 ὅσα
619 2014 741 2095 ξὺν
783 2011 1028 2097 νηυσὶν
1073 2010 1174 2079 ἐπ’
1226 2012 1566 2099 ἠεροειδέα
1609 2017 1861 2079 πόντον
2157 2033 2258 2084 105

239 2126 633 2207 πλαζόμενοι
675 2119 840 2186 κατὰ
886 2116 1088 2203 ληίδ’,
1135 2119 1264 2205 ὅπῃ
1309 2119 1569 2206 ἄρξειεν
1607 2116 1971 2205 Ἀχιλλεύς,

239 2227 345 2313 ἠδ’
399 2228 524 2294 ὅσα
566 2223 678 2293 καὶ
721 2223 873 2311 περὶ
919 2225 1087 2290 ἄστυ
1132 2224 1298 2310 μέγα
1346 2225 1679 2310 Πριάμοιο
1726 2226 2007 2304 ἄνακτος

239 2330 609 2422 μαρνάμεθ’
628 2353 644 2368 ·
691 2333 862 2396 ἔνθα
908 2327 970 2396 δ’
1023 2332 1242 2396 ἔπειτα
1275 2329 1714 2414 κατέκταθεν,
1744 2331 1935 2398 ὅσσοι
1971 2334 2258 2419 ἄριστοι·

239 2444 409 2507 ἔνθα
452 2435 575 2524 μὲν
617 2443 790 2514 Αἴας
832 2446 1043 2503 κεῖται
1087 2435 1348 2523 ἀρήιος,
1394 2439 1563 2502 ἔνθα
1608 2434 1671 2503 δ’
1717 2435 2079 2524 Ἀχιλλεύς,

239 2549 408 2612 ἔνθα
454 2540 528 2610 δὲ
574 2544 960 2629 Πάτροκλος
1002 2545 1251 2627 θεόφιν
1295 2545 1564 2628 μήστωρ
1611 2543 2003 2627 ἀτάλαντος,
2153 2563 2256 2615 110

238 2655 409 2718 ἔνθα
462 2647 525 2717 δ’
586 2648 739 2734 ἐμὸς
783 2651 980 2733 φίλος
1023 2649 1200 2730 υἱός,
1256 2648 1389 2733 ἅμα
1432 2651 1746 2736 κρατερὸς
1788 2649 1901 2717 καὶ
1946 2651 2255 2738 ἀμύμων,

232 2755 632 2841 Ἀντίλοχος,
678 2753 829 2841 πέρι
873 2750 997 2839 μὲν
1040 2757 1257 2820 θείειν
1300 2758 1501 2839 ταχὺς
1543 2751 1663 2838 ἠδὲ
1707 2759 2024 2841 μαχητής·

239 2865 405 2930 ἄλλα
446 2885 518 2928 τε
562 2858 750 2927 πόλλ’
802 2858 909 2926 ἐπὶ
953 2870 1091 2937 τοῖς
1134 2862 1444 2945 πάθομεν
1484 2862 1680 2927 κακά·
1733 2864 1833 2939 τίς
1875 2886 1993 2929 κεν
2037 2863 2255 2932 ἐκεῖνα

237 2970 452 3035 πάντα
493 2989 570 3050 γε
613 2969 992 3051 μυθήσαιτο
1036 2972 1474 3050 καταθνητῶν
1521 2966 1931 3053 ἀνθρώπων;

239 3072 385 3142 οὐδ’
438 3076 501 3140 εἰ
541 3070 886 3149 πεντάετές
929 3095 1004 3155 γε
1049 3069 1163 3137 καὶ
1208 3069 1460 3150 ἑξάετες
1503 3075 1941 3158 παραμίμνων
2152 3093 2251 3143 116

237 3179 542 3267 ἐξερέοις,
589 3179 713 3245 ὅσα
755 3183 936 3244 κεῖθι
980 3179 1207 3244 πάθον
1249 3179 1419 3244 κακὰ
1464 3179 1599 3245 δῖοι
1638 3176 1916 3264 Ἀχαιοί,
1960 3216 2046 3229 —-

236 3289 396 3374 πρίν
437 3308 554 3352 κεν
599 3282 902 3369 ἀνιηθεὶς
946 3283 1074 3367 σὴν
1117 3284 1401 3370 πατρίδα
1446 3294 1643 3367 γαῖαν
1688 3286 1877 3351 ἵκοιο.

237 3395 520 3470 εἰνάετες
562 3393 690 3476 γάρ
736 3407 901 3475 σφιν
946 3389 1113 3455 κακὰ
1158 3391 1490 3476 ῥάπτομεν
1536 3390 1976 3476 ἀμφιέποντες

234 3502 608 3567 παντοίοισι
653 3498 944 3579 δόλοισι,
990 3499 1181 3581 μόγις
1227 3494 1290 3563 δ’
1344 3496 1638 3563 ἐτέλεσσε
1685 3499 2012 3582 Κρονίων.

340 3613 541 3655 Honmu
571 3612 808 3654 onnus.
864 3612 901 3653 1.
1789 3605 1822 3653 3
