2646 3932
973 166 1388 218 οΔΤΣΣΕῙΑΣ
1426 168 1490 219 v.
2171 166 2256 230 81

233 309 489 392 θνητὰς
533 307 906 392 ἀθανάτῃσι
954 307 1154 393 δέμας
1197 307 1307 374 καὶ
1353 303 1533 386 εἶδος
1577 308 1878 395 ἐρίζειν.“

324 415 447 498 τὴν
484 411 545 479 δ’
591 413 1114 499 ἀπαμειβόμενος
1148 413 1453 500 προσέφη
1493 417 1859 500 πολύμητις
1880 413 2263 491 Ὀδυσσεύς·

237 522 491 603 ,,πότνα
535 520 695 603 θεά,
742 522 832 604 μή
879 543 992 603 μοι
1036 520 1191 585 τόδε
1235 521 1422 604 χώεο.
1471 516 1625 586 οἶδα
1668 520 1779 588 καὶ
1826 522 2024 598 αὐτὸς
2160 536 2263 585 215

235 626 451 690 πάντα
495 623 676 710 μάλ’,
724 625 966 691 οὕνεκα
1013 636 1154 691 σεῖο
1200 628 1547 712 περίφρων
1595 630 2014 710 Πηνελόπεια

237 726 416 807 εἶδος
462 730 850 817 ἀκιδνοτέρη
895 729 1178 815 μέγεθός
1221 728 1280 795 τ’
1335 733 1605 797 εἰσάντα
1652 732 1945 799 ἰδέσθαι·

237 836 278 919 ἡ
325 833 447 922 μὲν
491 839 618 923 γὰρ
663 840 900 924 βροτός
945 837 1115 920 ἐστι,
1171 840 1256 902 σὺ
1311 834 1374 901 δ’
1437 837 1773 916 ἀθάνατος
1815 838 1927 904 καὶ
1976 838 2265 925 ἀγήρως·

239 942 406 1007 ἀλλὰ
450 942 560 1008 καὶ
607 938 696 1020 ὧς
741 942 951 1009 ἐθέλω
996 941 1108 1007 καὶ
1153 941 1461 1027 ἐέλδομαι
1507 943 1723 1028 ἤματα
1768 946 1986 1010 πάντα

239 1049 469 1114 οἴκαδέ
507 1046 565 1113 τ’
619 1047 969 1132 ἐλθέμεναι
1012 1047 1124 1113 καὶ
1166 1050 1488 1133 νόστιμον
1531 1043 1706 1135 ἦμαρ
1756 1050 2040 1117 ἰδέσθαι.
2161 1068 2266 1117 220

239 1157 303 1219 εἰ
345 1153 405 1220 δ’
459 1149 545 1220 αὖ
589 1179 689 1232 τις
734 1155 959 1240 ῥαίῃσι
1000 1160 1185 1220 θεῶν
1231 1153 1333 1220 ἐνὶ
1379 1161 1602 1220 οἴνοπι
1646 1157 1900 1244 πόντςο,

238 1262 559 1346 τλήσομαι
604 1259 678 1326 ἐν
723 1264 1085 1345 στήθεσσιν
1129 1263 1299 1345 ἔχων
1344 1260 1762 1328 ταλαπενθέα
1804 1266 2062 1348 θυμόν·

239 1368 367 1450 ἤδη
415 1368 541 1452 γὰρ
587 1368 762 1451 μάλα
805 1369 1018 1433 πολλὰ
1060 1368 1288 1432 πάθον
1333 1366 1443 1433 καὶ
1487 1370 1700 1433 πολλὰ
1746 1370 2005 1453 μόγησα

239 1473 484 1558 κύμασι
528 1472 653 1539 καὶ·
683 1477 976 1562 πολέμῳ·
1049 1474 1210 1558 μετὰ
1253 1471 1366 1538 καὶ
1409 1474 1563 1539 τόδε
1606 1485 1783 1540 τοῖσι
1826 1474 2195 1557 γενέσθω.“

330 1574 419 1656 ὧς
455 1577 670 1664 ἔφατ’,
697 1578 916 1662 ἠέλιος
944 1577 1007 1645 δ’
1043 1577 1148 1666 ἄρ’
1185 1580 1305 1644 ἔδυ
1331 1578 1443 1644 καὶ
1471 1578 1579 1645 ἐπὶ
1605 1579 1853 1665 κνέφας
1880 1577 2120 1664 ἦλθεν·
2159 1599 2262 1647 225

241 1675 553 1762 ἐλθόντες
598 1683 664 1752 δ’
717 1688 845 1772 ἄρα
888 1686 979 1751 τώ
1026 1709 1101 1768 γε
1147 1693 1333 1773 μυχῷ
1382 1689 1651 1762 σπείους
1694 1690 2076 1773 γλαφυροῖο

239 1791 614 1877 τερπέσθην
659 1795 992 1877 φιλότητι,
1037 1789 1193 1878 παρ’
1247 1791 1591 1875 ἀλλήλοισι
1635 1790 1961 1875 μένοντες.

329 1893 496 1983 ἦμος
540 1895 602 1962 δ’
655 1897 989 1985 ἠριγένεια
1034 1899 1215 1983 φάνη
1263 1898 1755 1984 ῥοδοδάκτυλος
1793 1896 1994 1983 Ἠώς,

243 2002 452 2087 αὐτίχ’
504 2004 540 2069 ὁ
587 2002 708 2089 μὲν
751 2006 1030 2090 χλαῖνάν
1072 2027 1143 2070 τε
1188 2005 1434 2088 χιτῶνά
1478 2026 1549 2069 τε
1594 2002 1814 2069 ἕννυτ’
1860 2004 2239 2090 Ὀδυσσεύς,

240 2109 407 2193 αὐτὴ
456 2107 517 2175 δ’
571 2111 911 2195 ἀργύφεον
954 2120 1170 2196 φᾶρος
1213 2109 1380 2194 μέγα
1426 2109 1661 2175 ἕννυτο
1707 2111 1970 2196 νύμφη,
2161 2130 2265 2179 230

242 2217 482 2281 λεπτὸν
525 2215 636 2282 καὶ
679 2221 938 2303 χαρίεν,
982 2215 1133 2302 περὶ
1180 2212 1254 2281 δὲ
1301 2216 1515 2299 ζώνην
1560 2214 1779 2299 βάλετ’
1835 2216 1973 2295 ἰξυῖ

242 2324 451 2406 καλὴν
495 2327 842 2407 χρυσείην,
887 2328 1143 2408 κεφαλῇ
1190 2319 1252 2387 δ’
1306 2322 1647 2408 ἐφύπερθε
1692 2323 2093 2410 καλύπτρην.

241 2426 352 2493 καὶ
395 2427 530 2493 τότ’
577 2427 886 2512 Ὀδυσσῆι
932 2431 1329 2513 μεγαλήτορι
1374 2429 1617 2511 μήδετο
1661 2431 1961 2513 πομπήν·

243 2533 456 2599 δῶκέν
501 2536 573 2600 οἱ
610 2534 892 2600 πέλεκυν
936 2533 1174 2618 μέγαν,
1221 2535 1511 2620 ἄρμενον
1557 2533 1631 2599 ἐν
1675 2536 2087 2620 παλάμῃσιν,

241 2641 543 2725 χάλκεον,
590 2640 1069 2725 ἀμφοτέρωθεν
1106 2638 1504 2724 ἀκαχμένον·
1550 2640 1759 2725 αὐτὰρ
1797 2639 1872 2706 ἐν
1909 2641 2086 2730 αὐτῷ
2161 2659 2265 2708 235

244 2747 570 2812 στειλειὸν
613 2743 997 2832 περικαλλὲς
1040 2745 1338 2828 ἐλάινον,
1385 2740 1461 2811 εὖ
1508 2745 1857 2832 ἐναρηρός·

243 2857 414 2920 δῶκε
460 2852 522 2919 δ’
575 2856 796 2919 ἔπειτα
842 2851 1216 2937 σκέπαρνον
1261 2851 1524 2930 ἐύξοον·
1569 2847 1729 2937 ἦρχε
1777 2850 1839 2918 δ’
1892 2852 2079 2920 ὁδοῖο

239 2963 454 3045 νήσου
501 2957 599 3025 ἐπ’
652 2958 982 3042 ἐσχατιῆς,
1031 2959 1147 3024 ὅθι
1193 2957 1473 3044 δένδρεα
1519 2960 1734 3043 μακρὰ
1777 2960 2131 3043 πεφύκειν,

240 3069 500 3152 κλήθρη
545 3060 604 3131 τ’
657 3067 947 3151 αἴγειρός
988 3059 1076 3148 τ’,
1123 3064 1317 3149 ἐλάτη
1363 3059 1424 3130 τ’
1473 3059 1560 3148 ἦν
1607 3065 2097 3150 οὐρανομήκης,

243 3167 372 3237 αὖα
417 3175 651 3254 πάλαι,
698 3174 1045 3257 περίκηλα,
1091 3171 1172 3236 τά
1216 3172 1288 3237 oc
1327 3172 1615 3236 πλώοιεν
1659 3170 1976 3255 ἐλαφρῶς.
2161 3188 2266 3238 240

243 3278 452 3364 αὐτὰρ
500 3276 640 3343 ἐπεὶ
685 3278 768 3361 δὴ
815 3272 1003 3360 δεῖξ’,
1050 3277 1169 3343 ὅθι
1215 3275 1496 3361 δένδρεα
1541 3278 1758 3363 μακρὰ
1800 3278 2154 3362 πεφύκειν,

241 3383 283 3467 ἡ
330 3381 452 3468 μὲν
496 3386 614 3467 ἔβη
660 3385 825 3468 πρὸς
872 3385 1059 3468 δῶμα
1104 3383 1402 3461 Καλυψὼ
1450 3384 1562 3447 δῖα
1606 3383 1865 3465 θεάων,

241 3491 451 3575 αὐτὰρ
499 3489 536 3556 ὁ
579 3490 859 3573 τάμνετο
907 3490 1146 3575 δοῦρα·
1190 3494 1374 3560 θοῶς
1421 3486 1500 3553 δέ
1541 3488 1614 3553 οί
1652 3489 1859 3571 ἤνυτο
1906 3491 2120 3573 ἔργον.

347 3605 544 3645 nomm
574 3603 808 3645 onnam.
862 3604 901 3644 1.
1798 3598 1831 3647 6
