2646 3932
971 199 1216 250 οΔΤΣΣ
1236 199 1409 250 mx
1446 201 1540 253 xl.
2127 200 2249 264 189

228 341 346 404 καί
381 337 448 424 μ’
500 340 997 426 ὀλοφυρόμενος
1041 342 1198 406 ἔπεα
1247 342 1607 425 πτερόεντα
1649 344 2027 429 προσηύδα·

231 441 546 528 ,διογενὲς
589 446 994 531 Λαερτιάδη,
1038 444 1449 530 πολυμήχαν’
1497 444 1848 532 Ὀδυσσεῦ,
2008 513 2014 528 ,

231 545 274 615 ἆ
319 549 509 633 δείλ’,
555 546 595 634 ἦ
640 551 790 616 τινὰ
832 548 942 615 καὶ
987 554 1072 615 σὺ
1117 553 1320 617 κακὸν
1366 554 1578 638 μόρον
1621 552 1998 637 ἡγηλάζεις,

232 657 311 722 ὅν
355 678 476 741 περ
522 655 692 738 ἐγὼν
737 654 1045 739 ὀχέεσκον
1089 654 1204 722 ὑπ’
1257 657 1466 740 αὐγὰς
1509 658 1783 741 ἠελίοιο.

234 764 446 846 Ζηνὸς
488 759 608 846 μὲν
652 762 805 838 πάις
848 756 935 844 ἦα
980 763 1381 845 Κρονίονος,
1428 762 1635 850 αὐτὰρ
1683 764 1869 843 ὀιζὺν
2144 785 2248 833 620

231 864 411 954 εἶχον
456 868 861 953 ἀπειρεσίην·
905 867 1079 951 μάλα
1124 868 1249 951 γὰρ
1296 870 1470 933 πολὺ
1514 871 1768 954 χείρονι
1815 870 1987 956 φωτὶ

232 977 602 1060 δεδμήμην,
647 973 684 1040 ὁ
733 971 812 1038 δέ
850 996 965 1057 μοι
1006 975 1331 1057 χαλεποὺς
1376 972 1728 1041 ἐπετέλλετ’
1782 975 2090 1056 ἀέθλους.

230 1086 347 1148 καί
375 1081 535 1147 ποτέ
558 1078 625 1165 μ’
661 1077 892 1145 ἐνθάδ’
927 1082 1171 1163 ἔπεμψε
1198 1077 1348 1144 κύν’
1383 1079 1627 1160 ἄξοντ’·
1654 1082 1738 1148 οὐ
1764 1084 1891 1170 γὰρ
1919 1083 2009 1150 ἔτ’
2046 1087 2249 1152 ἄλλον

232 1189 511 1273 φράζετο
555 1184 757 1251 τοῦδέ
796 1183 877 1267 γέ
915 1208 1028 1269 μοι
1074 1184 1565 1272 κρατερώτερον
1611 1182 1782 1254 εἶναι
1829 1191 2108 1257 ἄεθλον·

232 1295 349 1359 τὸν
393 1288 515 1378 μὲν
559 1291 731 1376 ἐγὼν
775 1289 1078 1356 ἀνένεικα
1121 1288 1232 1356 καὶ
1273 1292 1530 1375 ἤγαγον
1574 1292 1642 1373 ἐξ
1688 1292 1943 1379 Ἀίδαο,
2147 1315 2249 1364 625

222 1398 522 1485 Ἑρμείας
566 1396 646 1463 δέ
685 1394 752 1481 μ’
803 1399 1090 1480 ἔπεμψεν
1137 1393 1237 1462 ἰδὲ
1281 1400 1659 1478 γλαυκῶπις
1697 1398 1992 1487 Ἀθήνηέ

322 1501 410 1584 ὧς
454 1505 657 1570 εἰπὼν
702 1502 737 1568 ὁ
782 1499 904 1587 μὲν
949 1497 1135 1580 αὖτις
1179 1505 1295 1586 ἔβη
1345 1503 1557 1586 δόμον
1583 1502 1811 1583 Ἀιδος
1855 1513 2042 1590 είσώ,

233 1613 438 1697 αὐτὰρ
487 1610 657 1694 ἐγὼν
702 1610 908 1675 αὐτοῦ
953 1607 1158 1693 με’νον
1206 1610 1524 1693 ἔμπεδον,
1570 1615 1638 1675 εἴ
1669 1633 1772 1688 τις
1814 1607 1905 1678 ἔτ’
1956 1616 2146 1681 ἔλθοι

232 1720 497 1805 ἀνδρῶν
541 1716 810 1801 ἡρώων,
859 1718 929 1781 οἳ
970 1716 1053 1799 δὴ
1099 1716 1174 1780 τὸ
1220 1717 1523 1800 πρόσθεν
1568 1716 1822 1783 ὄλοντο.

230 1829 347 1891 καί
366 1825 453 1891 νύ
479 1822 538 1890 κ’
574 1826 668 1888 ἔτι
696 1820 1062 1907 προτέρους
1090 1822 1240 1886 ἴδον
1269 1819 1529 1905 ἀνέρας,
1559 1821 1677 1899 οὓς
1704 1826 1942 1891 ἔθελόν
1969 1848 2113 1913 περ,
2145 1844 2248 1894 630

233 1930 481 2019 [Θησέα
527 1930 894 2015 Πειρίθοόν
939 1950 1041 2011 τε,
1084 1933 1267 1992 θεῶν
1313 1924 1618 2013 ἐρικυδέα
1661 1919 1925 2012 τέκνα·]’

233 2038 398 2104 ἀλλὰ
441 2034 601 2122 πρὶν
645 2034 752 2101 ἐπὶ
797 2028 978 2100 ἔθνε’
1029 2032 1325 2120 ἀγείρετο
1371 2035 1575 2118 μυρία
1617 2047 1875 2120 νεκρῶν

232 2145 356 2230 ἠχῇ
401 2145 748 2228 θεσπεσίῃ·
794 2136 905 2225 ἐμὲ
952 2136 1025 2205 δὲ
1068 2142 1328 2225 χλωρὸν
1374 2138 1523 2216 δέος
1568 2137 1784 2225 ᾔρειν,

233 2252 322 2335 μή
366 2272 480 2333 μοι
527 2249 850 2333 Γοργείην
894 2246 1193 2331 κεφαλὴν
1239 2247 1490 2311 δεινοῖο
1536 2249 1841 2333 πελώρου

233 2356 299 2436 ἐξ
340 2352 564 2419 Ἀίδεω
610 2352 923 2438 πέμψειεν
968 2352 1182 2436 ἀγαυὴ
1230 2353 1704 2437 Περσεφόνεια.
2144 2377 2245 2424 635

232 2459 442 2528 αὐτίκ’
495 2457 693 2525 ἔπειτ’
746 2457 850 2524 ἐπὶ
897 2468 1024 2542 νῆα
1068 2459 1233 2524 κιὼν
1278 2455 1584 2523 ἐκέλευον
1629 2456 1931 2544 ἑταίρους

232 2567 476 2644 αὐτούς
518 2563 575 2630 τ’
628 2564 975 2650 ἀμβαίνειν
1020 2565 1148 2631 ἀνά
1192 2587 1262 2629 τε
1306 2565 1688 2649 πρυμνήσια
1735 2568 1950 2630 λῦσαι.

232 2676 304 2741 οἰ
344 2672 406 2740 δ’
458 2669 601 2751 αἶψ’
653 2673 993 2754 εἴσβαινον
1037 2668 1147 2736 καὶ
1193 2668 1298 2736 ἐπὶ
1344 2673 1566 2753 κληῖσι
1608 2674 1902 2749 καθῖζον.

228 2783 352 2866 τὴν
398 2776 471 2845 δὲ
514 2775 655 2845 κατ’
703 2775 1016 2843 Ὠκεανὸν
1059 2779 1355 2862 ποταμὸν
1401 2774 1562 2861 φέρε
1606 2785 1781 2861 κῦμα
1827 2778 2042 2862 ῥόοιο,

230 2897 455 2972 πρῶτα
499 2882 622 2970 μὲν
667 2886 945 2969 εἰρεσίῃ,
990 2881 1329 2968 μετέπειτα
1374 2880 1449 2949 δὲ
1492 2884 1806 2969 κάλλιμος
1851 2878 2069 2969 οὖρος.
2144 2902 2246 2951 640

1024 3220 1450 3231 ——-———-—
