2646 3932
337 226 464 291 158
1089 225 1505 278 οΔΤΣΣΕῙΑΣ
1540 226 1605 277 Κ.

333 370 557 460 ῥάβδῳ
602 374 973 454 πεπληγυῖα
1017 371 1181 434 κατὰ
1227 379 1579 453 συφεοῖσιν
1625 365 1876 450 έέργνυ.

333 476 404 540 οἰ
443 472 517 541 δὲ
565 486 748 541 συῶν
792 473 919 561 μὲν
963 477 1118 560 ἔχον
1162 474 1454 559 κεφαλὰς
1499 470 1736 558 φωνήν
1778 494 1849 537 τε
1893 474 2118 556 τρίχας
2160 491 2230 535 τε

332 580 443 646 καὶ
491 579 723 666 δέμας,
770 582 980 668 αὐτὰρ
1024 591 1187 659 νοῦς
1230 575 1317 664 ἧν
1363 581 1671 664 ἔμπεδος,
1716 579 1806 655 ὡς
1849 579 1925 643 τὸ
1971 577 2180 662 πάρος
2214 597 2354 660 περ,

422 681 511 763 ὧς
557 687 627 752 οἱ
666 683 788 771 μὲν
831 691 1171 764 κλαίοντες
1217 685 1517 772 ἐέρχατο,
1562 694 1737 750 τοῖσι
1782 680 1856 749 δὲ
1904 687 2117 770 Κίρκη
2252 697 2353 746 241

336 793 468 878 πάρ
518 788 581 877 ῥ’
642 795 892 859 ἄκυλον
937 793 1232 875 βάλανόν
1274 814 1346 856 τε
1391 792 1595 873 βάλεν
1639 791 1893 874 καρπόν
1935 812 2006 854 τε
2050 790 2358 873 κρανείης

335 900 630 983 ἔδμεναι,
679 891 787 965 οἷα
833 899 988 976 σύες
1031 898 1509 983 χαμαιευνάδες
1553 892 1698 961 αἰὲν
1742 897 2040 961 ἔδουσιν·

334 1003 719 1090 Εὐρύλοχος
764 1000 827 1071 δ’
878 1000 1019 1083 αἶψ’
1070 1000 1239 1088 ἦλθε
1280 1003 1462 1088 θοὴν
1506 1000 1614 1068 ἐπὶ
1656 1010 1786 1085 νῆα
1830 999 2147 1086 μέλαιναν

337 1110 651 1193 ἀγγελίην
696 1107 949 1196 ἑτάρων
994 1110 1199 1196 ἐρέων
1242 1108 1355 1175 καὶ
1401 1105 1681 1202 ἀδευκέα
1723 1110 1995 1192 πότμον.
2254 1121 2355 1170 245

338 1213 503 1281 οὐδέ
540 1239 607 1281 τι
650 1215 985 1301 ἐκφάσθαι
1031 1218 1278 1283 δύνατο
1326 1219 1479 1293 ἔπος
1525 1213 1779 1298 ἱέμενός
1821 1236 1977 1300 περ,

337 1329 461 1406 κῆρ
508 1322 655 1406 ἄχει·
693 1323 954 1410 μεγάλῳ
1000 1320 1474 1406 βεβολημένος·
1520 1320 1593 1386 έν
1640 1318 1719 1385 δέ
1759 1320 1831 1386 οἰ
1870 1322 2027 1386 ὄσσε

340 1428 712 1513 δακρυόφιν
756 1430 1163 1512 πίμπλαντο,
1208 1429 1374 1510 γόον
1420 1421 1483 1492 δ’
1534 1427 1724 1491 ὠίετο
1769 1428 2003 1510 θυμός.

340 1527 482 1597 ἀλλ’
534 1533 641 1599 ὅτε
688 1534 771 1619 δή
819 1558 935 1618 μιν
979 1534 1220 1610 πάντες
1266 1526 1681 1617 ἀγασσάμεθ’
1731 1530 2125 1617 ἐξερέοντες,

338 1636 449 1702 καὶ
491 1641 637 1705 τότε
680 1652 815 1705 τῶν
860 1641 1079 1704 ἄλλων
1126 1637 1378 1723 ἑτάρων
1421 1638 1761 1718 κατέλεξεν
1806 1639 2121 1721 ὄλεθρον·
2255 1651 2359 1700 250

342 1743 597 1829 ,ᾔομεν,
644 1747 733 1824 ὡς
777 1745 1096 1829 ἐκέλευες,
1145 1744 1271 1810 ἀνὰ
1318 1746 1568 1832 δρυμά,
1614 1739 1876 1830 φαίδιμ’
1920 1738 2262 1808 Ὀδυσσεῦ·

341 1849 622 1937 εὕρομεν
666 1851 739 1917 έν
784 1850 1071 1936 βήσσῃσι
1114 1849 1477 1934 τετυγμένα
1522 1850 1789 1934 δώματα
1832 1849 2000 1913 καλὰ

345 1955 696 2037 [ξεστοῖσιν
740 1958 1000 2042 λάεσσι,
1046 1955 1454 2046 περισκέπτῳ
1501 1954 1602 2023 ἐνὶ
1642 1956 1882 2045 χώρφ].

343 2065 511 2128 ἔνθα
556 2063 635 2130 δέ
673 2088 773 2142 τις
818 2063 1026 2148 μέγαν
1073 2065 1257 2130 ἰστὸν
1304 2062 1695 2148 ἐποιχομένη
1742 2057 1870 2145 λίγ’
1921 2062 2142 2127 ἄειδεν

342 2168 384 2253 ἢ
429 2172 589 2247 θεὸς
632 2166 707 2253 ἠὲ
753 2169 952 2255 γυνή·
996 2169 1101 2235 τοὶ
1148 2166 1220 2235 δὲ
1264 2168 1649 2253 φθέγγοντο
1692 2173 2070 2245 καλεῦντες·
2256 2182 2361 2233 255

343 2274 385 2358 ἡ
435 2271 497 2341 δ’
547 2271 688 2353 αἶψ’
741 2276 1105 2356 ἐξελθοῦσα
1149 2275 1370 2360 θύρας
1414 2274 1564 2353 ὤιξε
1611 2276 1887 2359 φαεινὰς

343 2379 454 2446 καὶ
497 2381 710 2445 κάλει·
758 2381 829 2446 οἱ
870 2376 933 2446 δ’
983 2380 1116 2465 ἅμα
1161 2381 1401 2457 πάντες
1446 2380 1816 2465 ἀιδρείῃσιν
1860 2379 2125 2446 ἕποντο·

347 2486 553 2572 αὐτὰρ
600 2484 772 2569 ἐγὼν
815 2484 1163 2569 ὑπέμεινα,
1211 2485 1561 2570 ὀισάμενος
1607 2487 1810 2552 δόλον
1855 2481 2042 2551 εἶναι.

348 2593 419 2657 οἰ
457 2587 518 2657 δ’
568 2587 680 2676 ἅμ’
728 2591 1155 2676 ἀιστώθησαν
1200 2590 1465 2670 ἀολλέες
1480 2641 1499 2675 ,
1546 2590 1711 2658 οὐδέ
1747 2615 1845 2669 τις
1890 2593 2109 2657 αὐτῶν

348 2698 657 2784 ἐξεφάνη·
703 2700 912 2784 δηρὸν
957 2694 1029 2763 δὲ
1074 2696 1451 2783 καθήμενος
1496 2698 1923 2777 ἐσκοπίαζονὲ
2259 2714 2363 2765 260

437 2800 525 2882 ὧς
570 2801 782 2890 ἔφατ’,
829 2806 1037 2890 αὐτὰρ
1082 2804 1211 2887 ἐγὼ
1255 2803 1407 2891 περὶ
1451 2801 1572 2889 μὲν
1618 2803 1808 2889 ξίφος
1851 2803 2268 2890 ἀργυρόηλον

349 2913 585 2996 ὤμοιιν
629 2913 959 2995 βαλόμην,
1003 2909 1169 2994 μέγα
1212 2911 1521 2995 χάλκεον,
1569 2907 1739 2994 ἀμφὶ
1784 2905 1857 2974 δὲ
1901 2909 2084 2989 τόξα·

348 3019 467 3083 τὸν
512 3012 574 3082 δ’
625 3015 718 3094 ἂψ
762 3016 1022 3100 ἠνώγεα
1068 3015 1277 3100 αὐτὴν
1325 3016 1487 3081 ὁδὸν
1531 3014 1926 3099 ἡγήσασθαι.

351 3124 559 3210 αὐτὰρ
607 3124 644 3189 ὅ
689 3117 752 3206 γ’
803 3120 1214 3207 ἀμφοτέρῃσι
1258 3122 1482 3205 λαβὼν
1528 3121 1861 3188 ἐλλίσσετο
1906 3121 2173 3205 γούνων

356 3227 494 3316 [καί
530 3223 599 3313 μ’
650 3228 1146 3313 ὀλοφυρόμενος
1192 3228 1349 3292 ἔπεα
1392 3228 1750 3313 πτερόεντα
1793 3227 2199 3313 προσηύδα]·
2261 3242 2366 3292 265

354 3334 463 3419 ,μή
509 3328 578 3419 μ’
625 3335 742 3417 ἄγε
777 3326 944 3399 κεϊσ’
986 3331 1293 3415 ἀέκοντα,
1334 3330 1706 3417 διοτρεφές,
1754 3330 1920 3396 ἀλλὰ
1955 3325 2091 3397 λίπ’
2132 3332 2368 3398 αὐτοῦ·

356 3437 508 3508 οἶδα
550 3442 708 3527 γάρ,
755 3439 845 3517 ὡς
889 3434 1030 3504 οὔτ’
1082 3439 1280 3516 αὐτὸς
1326 3437 1622 3504 ἐλεύσεαι
1668 3437 1820 3503 οὔτε
1863 3432 1991 3502 τιν’
2042 3438 2245 3503 ἄλλον
2374 3487 2380 3492 -

355 3546 530 3626 ἄξεις
574 3556 711 3611 σῶν
757 3543 1025 3631 ἑτάρων.
1119 3544 1284 3610 ἀλλὰ
1330 3544 1452 3624 ξὺν
1495 3544 1788 3609 τοίσδεσι
1830 3549 2095 3610 θᾶσσον
