2646 3932
1019 165 1434 217 οΔΤΣΣΕῙΑΣ
1472 167 1563 220 VI.
2212 162 2293 226 97

285 302 452 368 ἀλλὰ
498 298 665 387 δότ’,
712 304 1108 390 ἀμφίπολοι,
1157 305 1350 395 ξείνῳ
1397 309 1651 392 βρῶσίν
1695 330 1766 372 τε
1810 309 2010 372 πόσιν
2053 329 2156 390 τε,

287 406 571 473 λούσατέ
590 403 649 473 τ’
682 409 756 475 έν
783 420 1085 500 ποταμῷ,
1117 407 1228 477 ὅθ’
1263 410 1372 477 ἐπὶ
1399 410 1642 488 σκέπας
1668 406 1801 477 ἔστ’
1835 410 2170 497 ἀνέμοιο.“
2200 429 2303 477 210

376 508 464 591 ὧς
509 510 739 599 ἔφαθ’,
785 516 861 581 αί
901 511 963 582 δ’
1015 519 1213 583 ἔσταν
1258 541 1327 583 τε
1372 515 1485 583 καὶ
1530 517 1852 603 ἀλλήλῃσι
1895 516 2248 601 κέλευσαν,

285 619 412 684 κὰδ
457 614 520 685 δ’
571 614 677 706 ἄρ’
723 616 1026 705 Ὀδυσσῆ’
1077 615 1268 689 εἷσαν
1312 621 1421 688 ἐπὶ
1467 622 1738 710 σκέπας,
1786 622 1875 699 ὠς
1920 621 2262 690 ἐκέλευσεν

288 727 639 791 Ναυσικάα
689 727 997 813 θυγάτηρ
1043 731 1488 814 μεγαλήτορος
1526 722 1890 794 Ἀλκινόοιο
1905 748 1919 764 ·

286 832 417 917 πάρ
465 826 526 897 δ’
578 833 705 918 ἄρα
751 834 823 898 οί
862 837 1076 919 φᾶρός
1121 858 1191 901 τε
1236 836 1482 919 χιτῶνά
1524 858 1594 900 τε
1641 831 1850 921 εἵματ’
1902 838 2189 919 ἔθηκαν,

287 940 508 1004 δῶκαν
554 935 628 1004 δὲ
671 937 917 1025 χρυσέῃ
963 939 1037 1004 ἐν
1082 942 1356 1028 ληκύθῳ
1402 940 1614 1025 ὑγρὸν
1658 942 1916 1024 ἔλαιον,
2201 955 2304 1005 215

285 1043 550 1126 ἤνωγον
597 1038 658 1107 δ’
710 1045 838 1128 ἄρα
882 1067 999 1128 μιν
1043 1049 1335 1110 λοῦσθαι
1377 1057 1701 1130 ποταμοῖο
1749 1046 2001 1132 ῥοῇσιν.
2175 1073 2180 1078 ·

287 1148 371 1231 δή
418 1147 502 1233 ῥα
546 1146 680 1212 τότ’
733 1148 1167 1233 ἀμφιπόλοισι
1210 1151 1504 1234 μετηύδα
1551 1151 1695 1228 δῖος
1733 1147 2113 1227 Ὀδυσσεύς·

285 1254 729 1338 ,,ἀμφίπολοι,
786 1252 981 1338 στῆθ’
1035 1255 1210 1321 οὕτω
1256 1256 1676 1341 ἀπόπροθεν,
1724 1254 1879 1341 ὄφρ’
1931 1256 2059 1339 ἐγὼ
2106 1256 2306 1333 αὐτὸς

285 1360 503 1443 ἅλμην
547 1360 784 1442 ὤμοιιν
832 1358 1318 1445 ἀπολούσομαι,
1368 1359 1539 1451 ἀμφὶ
1586 1358 1647 1426 δ’
1701 1360 1896 1450 ἐλαίῳ

285 1468 620 1549 χρίσομαι·
682 1459 723 1548 ἦ
770 1465 896 1550 γὰρ
943 1465 1153 1550 δηρὸν
1198 1465 1326 1532 ἀπὸ
1372 1469 1570 1552 χροός
1616 1465 1797 1531 ἐστιν
1842 1465 2107 1551 ἀλοιφή.
2201 1483 2303 1532 220

287 1572 493 1653 ἄντην
539 1568 602 1635 δ’
657 1570 781 1637 οὐκ
825 1569 910 1635 ἂν
955 1571 1084 1654 ἐγώ
1131 1594 1204 1654 γε
1251 1570 1635 1657 λοέσσομαι·
1682 1571 1986 1657 αἰδέομαι
2031 1574 2158 1658 γὰρ

284 1680 709 1760 γυμνοῦσθαι
752 1675 1077 1761 κούρῃσιν
1121 1675 1596 1762 ἐυπλοκάμοισι
1640 1678 2045 1762 μετελθών.“

375 1777 464 1859 ὧς
499 1777 727 1867 ἔφαθ’,
767 1782 842 1846 αἱ
875 1780 937 1847 δ’
972 1781 1357 1848 ἀπάνευθεν
1384 1789 1568 1867 ῖσαν,
1605 1779 1795 1849 εἷπον
1825 1778 1887 1849 δ’
1921 1785 2047 1868 ἄρα
2075 1784 2303 1869 κούρῃ.

285 1887 496 1976 αὐτὰρ
542 1887 579 1954 ὁ
626 1888 699 1954 ἐκ
741 1897 1041 1974 ποταμοῦ
1086 1891 1252 1974 χρόα
1296 1891 1509 1968 νίζετο
1558 1891 1701 1966 δῖος
1741 1888 2093 1966 Ὀδυσσεὺς

286 1995 533 2078 ἅλμην,
578 1995 620 2078 ἥ
667 1995 739 2060 οί
776 2005 954 2059 νῶτα
999 1992 1110 2059 καὶ
1156 1993 1388 2079 εὐρέας
1434 1995 1720 2079 ἄμπεχεν
1767 1997 2019 2079 ὤμους,
2201 2012 2304 2062 226

287 2098 360 2164 ἐκ
404 2104 694 2182 κεφαλῆς
740 2096 801 2164 δ’
853 2102 1136 2184 ἔσμηχεν
1181 2099 1338 2176 ἁλὸς
1381 2102 1586 2184 χνόον
1633 2099 2035 2186 ἀτρυγέτοιο.

287 2204 495 2289 αὐτὰρ
542 2201 681 2269 ἐπεὶ
728 2204 810 2287 δὴ
857 2204 1071 2269 πάντα
1118 2202 1436 2270 λοέσσατο
1480 2203 1593 2270 καὶ
1638 2202 1774 2270 λίπ’
1826 2207 2126 2289 ἄλειψεν,

287 2308 458 2395 ἀμφὶ
502 2306 576 2375 δὲ
621 2310 853 2394 εἵματα
897 2307 1160 2393 ἕσσαθ’,
1207 2310 1251 2375 ἅ
1295 2310 1369 2374 οί
1406 2312 1568 2396 πόρε
1613 2310 1951 2397 παρθένος
1995 2312 2237 2397 ἀδμής,

285 2418 404 2482 τὸν
449 2412 570 2500 μὲν
608 2414 929 2500 Ἀθηναίη
975 2421 1189 2498 θῆκεν
1239 2418 1410 2493 Διὸς
1456 2416 1804 2500 ἐκγεγαυῖα

285 2520 550 2605 μείζονά
595 2517 652 2586 τ’
705 2519 1014 2587 εἰσιδέειν
1057 2517 1170 2585 καὶ
1213 2522 1549 2604 πάσσονα,
1594 2523 1721 2587 κὰδ
1759 2519 1833 2588 δὲ
1869 2524 2151 2608 κάρητος
2198 2541 2303 2590 230

285 2627 488 2702 οὔλας
531 2619 647 2708 ἧκε
692 2627 927 2709 κόμας,
973 2623 1347 2713 ὑακινθίνῳ
1396 2627 1592 2691 ἄνθει
1638 2625 1885 2710 ὁμοίας.

285 2733 375 2810 ὡς
420 2730 482 2798 δ’
537 2732 643 2797 ὅτε
688 2753 789 2808 τις
832 2732 1083 2815 χρυσὸν
1128 2734 1541 2816 περιχεύεται
1587 2731 1854 2819 ἀργύρῳ
1901 2732 2070 2817 ἀνὴρ

286 2841 485 2924 ἴδρις,
532 2836 612 2903 ὃν
642 2835 1011 2920 Ἥφαιστος
1059 2836 1294 2903 δέδαεν
1339 2836 1449 2903 καὶ
1496 2837 1764 2914 Παλλὰς
1804 2834 2052 2923 Ἀθήνη

285 2943 520 3028 τέχνην
563 2946 915 3026 παντοίην,
960 2947 1268 3029 χαρίεντα
1314 2939 1389 3008 δὲ
1434 2945 1595 3027 ἔργα
1637 2946 1901 3026 τελείει,

287 3046 376 3127 ὦς
419 3051 545 3136 ἄρα
589 3059 679 3138 τῳ
725 3048 1030 3135 κατέχευε
1074 3051 1270 3135 χάριν
1313 3054 1568 3133 κεφαλῇ
1613 3071 1682 3113 τε
1728 3048 1838 3115 καὶ
1884 3050 2103 3134 ὤμοις.
2197 3069 2299 3119 235

286 3153 440 3234 ἕζετ’
493 3152 689 3221 ἔπειτ’
742 3156 1080 3221 ἀπάνευθε
1126 3155 1290 3220 κιὼν
1336 3153 1442 3219 ἐπὶ
1486 3159 1651 3218 θῖνα
1693 3154 2068 3238 θαλάσσης,

284 3261 508 3326 κάλλει
551 3259 664 3326 καὶ
707 3262 930 3345 χάρισι
975 3261 1288 3342 στίλβων·
1351 3264 1585 3341 θηεῖτο
1633 3254 1707 3324 δὲ
1752 3258 1979 3344 κούρη.

286 3366 369 3449 δή
416 3365 499 3451 ῥα
544 3363 677 3431 τότ’
730 3365 1205 3449 ἀμφιπόλοισιν
1251 3363 1725 3447 ἐυπλοκάμοισι
1771 3364 2093 3447 μετηύδα·

284 3470 530 3555 ,,κλῦτέ
569 3494 726 3555 μευ,
770 3470 1135 3554 ἀμφίπολοι
1177 3468 1604 3551 λευκώλενοι,
1652 3470 1828 3553 ὄφρα
1873 3491 1937 3532 τι
1983 3474 2160 3533 εἴπω.

391 3586 436 3626 Η
440 3595 591 3626 ooooo
620 3584 656 3626 0
658 3595 854 3625 εεεεεεε
908 3583 947 3623 Ι.
1842 3579 1869 3624 7
