2646 3932
347 199 432 263 58
1094 205 1514 256 ΟΔΤΣΣΕΙΔΣ
1552 207 1610 258 Δ.

349 342 420 407 ἐν
467 339 539 408 δὲ
587 345 787 428 λιμὴν
833 344 1144 431 ἐύορμος,
1191 347 1358 412 ὅθεν
1401 343 1459 410 τ’
1513 346 1641 413 ἀπὸ
1688 356 1853 430 νῆας
1899 346 2078 424 ἐίσας

349 448 414 524 ἐς
458 452 706 516 πόντον
751 453 1144 535 βάλλουσιν,
1192 451 1654 537 ἀφυσσάμενοι
1701 453 1911 537 μέλαν
1955 453 2155 538 ὕδωρ.

348 557 516 619 ἔνθα
561 554 627 640 μ’
681 555 965 623 ἐείκοσιν
1009 555 1201 641 ἤματ’
1255 560 1410 643 ἔχον
1455 562 1639 641 θεοί,
1687 558 1852 624 οὐδέ
1892 557 2035 624 ποτ’
2090 555 2281 643 οὖροι

347 665 684 739 πνείοντες
729 662 1048 748 φαίνονθ’
1100 662 1389 745 ἁλιαέες,
1436 665 1508 730 οἵ
1547 665 1631 751 ῥά
1677 688 1745 730 τε
1790 676 1972 749 νηῶν
2265 682 2364 731 361

347 777 642 852 πομπῆες
688 773 1027 852 γίγνονται
1074 767 1172 835 ἐπ’
1226 770 1421 855 εὐρέα
1466 781 1641 835 νῶτα
1686 773 2044 854 θαλάσσης.

347 877 464 938 καί
500 875 586 939 νύ
629 898 745 939 κεν
789 876 903 958 ἤια
948 876 1161 940 πάντα
1206 874 1570 960 κατέφθιτο
1616 875 1727 941 καὶ
1773 875 1948 962 μένε’
2002 877 2296 963 ἀνδρῶν,

348 983 411 1044 εἰ
453 982 541 1063 μή
585 983 684 1057 τίς
728 1005 808 1065 με
852 987 1036 1046 θεῶν
1082 982 1461 1067 ὀλοφύρατο
1506 987 1624 1047 καί
1662 1006 1742 1067 με
1788 984 2076 1067 σάωσεν,

350 1085 659 1168 Πρωτέος
705 1089 995 1172 ἰφθίμου
1038 1089 1346 1173 θυγάτηρ
1402 1088 1617 1154 ἁλίοιο
1667 1088 2009 1175 γέροντος,
2263 1106 2368 1155 365

348 1191 672 1275 Εἰδοθέη·
719 1202 797 1278 τῇ
843 1194 968 1277 γάρ
1016 1194 1101 1277 ῥα
1147 1195 1429 1277 μάλιστά
1477 1218 1550 1277 γε
1595 1194 1821 1278 θυμὸν
1867 1196 2075 1277 ὄρινα.

349 1298 390 1379 ἥ
438 1296 504 1382 μ’
560 1303 677 1386 οἴῳ
725 1302 987 1384 ἔρροντι
1033 1302 1394 1383 συνήντετο
1440 1302 1688 1384 νόσφιν
1734 1298 2039 1385 ἑταίρων·

350 1403 478 1469 αιέὶ
524 1405 651 1489 γὰρ
697 1403 847 1488 περὶ
892 1414 1103 1487 νῆσον
1148 1404 1477 1489 ἀλώμενοι
1524 1408 1936 1490 ἰχθυάασκον

349 1522 708 1595 γναμπτοῖς
754 1510 1238 1595 ἀγκίστροισιν,
1284 1514 1491 1596 ἔτειρε
1538 1509 1612 1578 δὲ
1657 1511 1941 1599 γαστέρα
1987 1515 2190 1597 λιμός.

349 1617 389 1700 ἡ
439 1617 517 1683 δέ
556 1641 681 1701 μευ
727 1619 876 1702 ἄγχι
924 1626 1131 1682 στᾶσα
1177 1620 1334 1695 ἔπος
1377 1619 1549 1702 φάτο
1597 1617 1910 1703 φώνησέν
1952 1638 2050 1683 τε·
2265 1636 2369 1685 370

350 1726 605 1807 ίνήπιός
649 1726 772 1806 εἰς,
820 1719 871 1788 ὦ
921 1722 1120 1805 ξεῖνε,
1168 1727 1319 1808 λίην
1365 1727 1566 1789 τόσον
1611 1722 1730 1807 ἠδὲ
1774 1727 2148 1810 χαλίφρων,

348 1825 423 1912 ἦε
471 1828 639 1894 ἑκὼν
683 1832 938 1914 μεθίεις
981 1827 1092 1894 καὶ
1138 1829 1400 1916 τέρπεαι
1447 1831 1648 1913 ἄλγεα
1693 1832 1992 1915 πάσχων;

350 1937 438 2013 ὡς
484 1935 566 2019 δὴ
615 1933 773 2020 δήθ’
827 1933 926 2001 ἐνὶ
970 1938 1152 2024 νήσῳ
1201 1935 1490 2022 ἐρύκεαι,
1540 1935 1704 2002 οὐδέ
1741 1960 1806 2002 τι
1850 1935 2104 2023 τέκμωρ

350 2041 693 2129 εὑρέμεναι
743 2043 1056 2126 δύνασαι,
1103 2043 1377 2126 μινύθει
1424 2041 1502 2108 δέ
1541 2067 1644 2108 τοι
1690 2039 1851 2128 ἦτορ
1900 2042 2215 2129 ἑταίρωνὲ

438 2144 525 2226 ὧς
571 2146 788 2232 ἔφατ’,
837 2148 1044 2233 αὐτὰρ
1093 2149 1219 2231 ἐγώ
1267 2173 1383 2234 μιν
1430 2149 1859 2234 ἀμειβόμενος
1903 2147 2325 2234 προσέειπον·

350 2255 444 2321 ίἐκ
488 2253 610 2340 μέν
654 2279 759 2320 τοι
803 2253 996 2351 ἐρέω,
1040 2255 1082 2337 ἤ
1127 2278 1227 2332 τις
1272 2256 1358 2320 σύ
1402 2253 1523 2340 πέρ
1572 2253 1715 2320 ἐσσι
1758 2256 2013 2338 θεάων,
2264 2271 2369 2321 376

350 2363 438 2438 ὡς
483 2361 609 2444 ἐγὼ
657 2362 740 2427 οὔ
782 2384 847 2426 τι
893 2360 1061 2426 ἑκὼν
1105 2362 1573 2447 κατερύκομαι,
1622 2360 1788 2425 ἀλλά
1833 2385 1920 2426 νυ
1965 2358 2178 2444 μέλλω

351 2468 730 2544 ἀθανάτους
776 2465 1149 2548 ἀλιτέσθαι,
1196 2470 1268 2532 οἳ
1307 2466 1601 2551 οὐρανὸν
1646 2466 1852 2551 εὐρὺν
1899 2468 2182 2550 ἔχουσιν.

351 2572 516 2637 ἀλλὰ
562 2573 648 2637 σύ
692 2571 813 2658 πέρ
860 2595 973 2657 μοι
1019 2572 1189 2654 εἰπέ,
1232 2571 1387 2637 θεοὶ
1433 2571 1511 2636 δέ
1551 2595 1620 2637 τε
1664 2573 1880 2637 πάντα
1926 2577 2177 2653 ἴσασιν,

352 2679 424 2755 ὅς
468 2681 566 2755 τίς
611 2676 678 2763 μ’
732 2678 1090 2743 ἀθανάτων
1135 2678 1348 2764 πεδάᾳ
1392 2675 1503 2743 καὶ
1548 2679 1743 2760 ἔδησε
1790 2678 2148 2759 κελεύθου,
2265 2693 2371 2742 380

352 2788 594 2850 νόστον
636 2783 739 2869 θ’,
786 2785 875 2862 ὡς
920 2783 1024 2849 ἐπὶ
1069 2788 1317 2849 πόντον
1364 2782 1713 2867 ἐλεύσομαι
1760 2784 2157 2868 ἰχθυόενταὲ

443 2886 531 2968 ὧς
575 2888 865 2974 ἐφάμην,
912 2888 953 2971 ἡ
1002 2886 1062 2955 δ’
1117 2886 1329 2955 αὐτίκ’
1385 2888 1684 2973 ἀμείβετο
1733 2890 1845 2953 δῖα
1888 2890 2141 2955 θεάων·

354 2997 606 3082 ιτοιγάρ
653 2995 781 3078 ἐγώ
825 3018 959 3078 τοι,
1009 2995 1207 3077 ξεῖνε,
1254 2991 1407 3078 μάλ’
1462 2992 1780 3080 ἀτρεκέως
1824 2992 2183 3079 ἀγορεύσω.

354 3105 670 3169 πωλεῖταί
709 3126 806 3180 τις
852 3103 1052 3187 δεῦρο
1097 3100 1312 3185 γέρων
1358 3099 1544 3177 ἅλιος
1585 3100 1910 3185 νημερτὴς

357 3211 690 3287 ἀθάνατος
737 3209 1051 3294 Πρωτεὺς
1095 3206 1493 3289 Αἰγύπτιος,
1540 3204 1613 3281 ὃς
1655 3228 1725 3270 τε
1770 3205 2115 3286 θαλάσσης
2267 3217 2371 3268 385

355 3319 566 3401 πάσης
609 3314 855 3400 βένθεα
902 3310 1073 3397 οἶδε,
1121 3313 1590 3389 Ποσειδάωνος
1632 3310 1971 3396 ὑποδμώς·

355 3426 474 3490 τὸν
522 3421 599 3489 δέ
637 3418 695 3486 τ’
749 3419 908 3505 ἐμόν
952 3435 1159 3504 φασιν
1204 3416 1428 3502 πατέρ’
1481 3420 1752 3502 ἔμμεναι
1796 3412 1914 3498 ἠδὲ
1957 3413 2284 3480 τεκέσθαι.

356 3532 474 3594 τόν
519 3526 582 3613 γ’
635 3533 702 3593 εἴ
738 3549 877 3604 πως
922 3528 1008 3592 σὺ
1055 3526 1290 3590 δύναιο
1340 3523 1786 3608 λοχησάμενος
1831 3520 2257 3604 λελαβέσθαι,
