2646 3932
394 205 523 271 130
1142 208 1559 260 ΟΔΤΣΣΕΙΑΣ
1596 207 1664 262 Θ.

391 347 457 428 ἐξ
502 343 584 416 οὗ
631 347 1000 434 δορπέομέν
1044 373 1112 416 τε
1157 348 1269 416 καὶ
1315 350 1528 437 ὤρορε
1571 357 1761 428 θεῖος
1806 351 2061 435 ἀοιδός,

391 453 462 519 ἐκ
505 463 627 522 τοῦ
672 452 735 521 δ’
787 456 870 521 οὔ
917 477 1019 521 πω
1066 453 1347 522 παύσατ’
1401 456 1690 543 ὀιζυροῖο
1737 459 1924 541 γόοιο
2301 472 2409 522 540

391 559 427 625 ὁ
474 558 712 638 ξεῖνος·
757 562 932 645 μάλα
976 563 1109 627 πού
1153 586 1270 646 μιν
1314 563 1473 647 ἄχος
1517 562 1769 648 φρένας
1815 562 2279 648 ἀμφιβέβηκεν.

392 662 533 731 ἀλλ’
586 663 690 749 ἄγ’
743 666 780 733 ὁ
827 663 949 752 μὲν
994 666 1318 753 σχεθέτω,
1365 664 1453 733 ἵν’
1498 667 1675 753 ὁμῶς
1708 670 2102 753 τερπώμεθα
2136 669 2409 750 πάντες,

391 770 757 849 ξεινοδόκοι
802 770 913 838 καὶ
960 773 1208 857 ξεῖνος,
1256 771 1399 839 ἐπεὶ
1442 776 1615 839 πολὺ
1660 774 1934 840 κάλλιον
1979 774 2215 851 οὕτως·

391 876 608 942 εἵνεκα
651 879 780 964 γὰρ
826 876 1069 956 ξείνοιο
1114 876 1261 944 τάδ’
1316 880 1602 947 αἰδοίοιο
1647 877 1976 964 τέτυκται,

390 983 614 1067 πομπὴ
660 981 770 1048 καὶ
817 987 981 1067 φίλα
1028 986 1242 1071 δῶρα,
1287 985 1371 1050 τά
1416 985 1487 1051 oc
1528 985 1801 1069 δίδομεν
1847 983 2203 1070 φιλέοντες.
2304 1000 2410 1050 545

391 1085 539 1153 ἀντὶ
581 1092 985 1174 κασιγνήτου
1031 1089 1250 1169 ξεῖνός
1292 1086 1366 1155 θ’
1422 1090 1636 1175 ἱκέτης
1678 1113 1748 1155 τε
1791 1090 2092 1157 τέτυκται

392 1191 606 1280 ἀνέρι,
653 1194 726 1272 ὅς
768 1191 827 1260 τ’
879 1195 1109 1278 ὀλίγον
1152 1217 1276 1281 περ
1322 1194 1612 1281 ἐπιψαύῃ
1658 1197 2114 1281 πραπίδεσσιν.

389 1307 481 1387 τῷ
525 1309 655 1366 νῦν
699 1297 866 1384 μηδὲ
913 1303 998 1367 σὺ
1043 1307 1245 1367 κεῦθε
1289 1304 1580 1386 νοήμασι
1625 1300 2111 1388 κερδαλέοισιν,

392 1405 529 1470 ὅττι
572 1403 651 1472 κέ
691 1403 753 1471 σ’
807 1413 1107 1491 εἴρωμαι·
1163 1407 1429 1491 φάσθαι
1474 1405 1555 1473 δέ
1594 1424 1668 1473 σε
1712 1408 1988 1474 κάλλιόν
2032 1407 2229 1474 ἐστιν.

391 1507 519 1577 εἴπ’
563 1508 780 1596 ὄνομ’,
826 1511 965 1577 ὅττι
1002 1528 1078 1578 σε
1112 1518 1294 1579 κεῢθι
1333 1514 1575 1578 κάλεον
1611 1515 1823 1598 μήτηρ
1858 1536 1929 1579 τε
1955 1516 2169 1600 πατήρ
2196 1537 2265 1579 τε
2303 1530 2411 1579 550

391 1617 581 1682 ἄλλοι
624 1614 725 1701 θ’,
774 1619 845 1683 οἳ
882 1618 1046 1684 κατὰ
1093 1619 1258 1683 ἄστυ
1316 1616 1427 1683 καὶ
1473 1620 1545 1683 οἳ
1582 1620 2180 1704 περιναιετάουσιν.

392 1721 474 1787 οὐ
519 1718 642 1807 μὲν
684 1724 813 1809 γάρ
858 1747 958 1801 τις
1001 1724 1274 1809 πάμπαν
1320 1723 1670 1808 ἀνώνυμός
1715 1721 1848 1790 ἐστ’
1900 1724 2309 1810 ἀνθρώπων,

393 1826 475 1892 οὐ
517 1830 716 1906 κακὸς
760 1825 920 1894 οὐδὲ
963 1825 1087 1914 μὲν
1132 1828 1404 1912 ἐσθλός,
1451 1828 1616 1912 ἐπὴν
1659 1830 1741 1894 τὰ
1784 1841 2012 1915 πρῶτα
2054 1828 2353 1916 γένηται,

392 1930 535 1999 ἀλλ’
587 1932 695 2000 ἐπὶ
737 1943 899 2001 πᾶσι
941 1938 1272 2019 τίθενται,
1320 1933 1467 2002 ἐπεί
1504 1958 1577 2001 κε
1622 1934 1887 2020 τέκωσι,
1932 1945 2177 2020 τοκῆες.

392 2036 532 2106 εἰπὲ
578 2039 658 2107 δέ
696 2065 811 2126 μοι
855 2043 1053 2125 γαῖάν
1095 2064 1165 2107 τε
1209 2042 1367 2124 τεὴν
1413 2042 1626 2125 δῆμόν
1669 2065 1738 2107 τε
1783 2043 1980 2106 πόλιν
2024 2066 2125 2128 τε,
2305 2060 2410 2111 555

393 2147 569 2232 ὄφρα
613 2163 687 2212 σε
732 2156 812 2233 τῇ
858 2146 1158 2232 πέμπωσι
1202 2149 1665 2231 τιτυσκόμεναι
1712 2144 1911 2232 φρεσὶ
1953 2156 2134 2231 νῆες·

393 2252 475 2317 οὐ
519 2254 646 2339 γὰρ
698 2255 1058 2337 Φαιήκεσσι
1100 2255 1587 2338 κυβερνητῆρες
1631 2254 1848 2336 ἔασιν,

394 2356 558 2424 οὐδέ
596 2383 660 2424 τι
704 2353 971 2443 πηδάλι’
1021 2361 1189 2442 ἔστι,
1234 2359 1316 2424 τά
1359 2353 1419 2423 τ’
1471 2359 1664 2423 ἄλλαι
1708 2366 1862 2441 νῆες
1907 2361 2205 2444 ἔχουσιν,

394 2460 536 2530 ἀλλ’
588 2462 782 2530 αὐταὶ
827 2471 1008 2530 ἴσασι
1051 2466 1349 2548 νοήματα
1392 2460 1506 2528 καὶ
1553 2461 1804 2548 φρένας
1849 2462 2115 2549 ἀνδρῶν

393 2569 502 2637 καὶ
545 2571 813 2636 πάντων
858 2576 1040 2635 ἴσασι
1082 2572 1318 2645 πόλιας
1363 2566 1475 2633 καὶ
1518 2571 1754 2645 πίονας
1800 2568 2046 2654 ἀγροὺς
2303 2586 2409 2637 550

395 2677 770 2763 ἀνθρώπων
823 2675 934 2743 καὶ
979 2681 1219 2759 λαῖτμα
1262 2667 1527 2759 τάχισθ’
1579 2672 1736 2751 ἁλὸς
1781 2673 2182 2761 ἐκπερόωσιν

393 2781 539 2869 ἠέρι
582 2782 692 2849 καὶ
735 2782 980 2869 νεφέλῃ
1023 2779 1536 2865 κεκαλυμμέναι·
1583 2779 1747 2846 οὐδέ
1786 2778 1949 2846 ποτέ
1989 2796 2153 2866 σφιν

395 2890 546 2955 οὔτε
591 2913 655 2954 τι
698 2895 1130 2974 πημανθῆναι
1174 2891 1281 2954 ἔπι
1328 2885 1476 2964 δέος
1521 2881 1661 2952 οὔτ’
1713 2885 2098 2960 ἀπολέσθαι.

394 2995 560 3060 ἀλλά
603 2990 744 3060 τόδ’
796 2990 886 3072 ὧς
929 3016 1085 3061 ποτε
1131 2994 1378 3080 πατρὸς
1426 2992 1598 3077 ἐγὼν
1643 2994 1943 3069 εἰπόντος
1989 2994 2242 3059 ἄκουσα

394 3104 824 3185 Ναυσιθόου,
871 3100 944 3178 ὃς
988 3103 1233 3186 ἔφασκε
1279 3096 1695 3165 Ποσειδάων’
1749 3097 2127 3188 ἀγάσασθαι
2305 3114 2409 3167 555

393 3208 583 3293 ἡμῖν,
629 3208 872 3274 οὕνεκα
914 3205 1163 3291 πομποὶ
1210 3203 1543 3290 ἀπήμονές
1589 3205 1772 3288 εἰμεν
1816 3203 2144 3270 ἁπάντων.

396 3322 490 3399 φῆ
534 3310 692 3380 ποτὲ
743 3315 1055 3397 Φαιήκων
1099 3312 1367 3397 ἀνδρῶν
1411 3307 1682 3396 ἐυεργέα
1726 3318 1856 3393 νῆα

396 3419 468 3486 έκ
510 3428 773 3504 πομπῆς
818 3419 1143 3485 ἀνιοῦσαν
1187 3417 1261 3484 έν
1305 3414 1630 3503 ἠεροειδέι
1674 3418 1895 3504 πόντφ

397 3524 797 3613 ῥαισέμεναι,
842 3524 1009 3609 μέγα
1056 3518 1119 3589 δ’
1168 3518 1330 3607 ἧμιν
1376 3526 1533 3609 ὄρος
1577 3523 1766 3586 πόλει
1810 3520 2320 3605 ἀμφικαλύψειν.
