2646 3932
1070 205 1489 257 ΟΔΤΣΣΕΙΔΣ
1526 207 1597 258 ΙΙ.
2245 207 2329 270 19

312 348 566 430 ῗκοῦροι
613 343 760 430 ἐμοὶ
803 355 1200 433 μνηστῆρες,
1247 345 1389 413 ἐπεὶ
1426 349 1596 413 θάνε
1645 349 1788 425 δῖος
1827 346 2210 432 Ὀδυσσεύς,

309 449 563 536 μίμνετ’
616 451 1027 536 ἐπειγόμενοι
1071 454 1189 517 τὸν
1235 452 1395 536 ἐμὸν
1441 453 1685 537 γάμον,
1732 455 1827 531 εἰς
1872 454 1908 519 ὅ
1953 478 2026 520 κε
2073 465 2287 541 φᾶρος

310 554 652 638 ἐκτελέσω,
699 558 789 642 μή
834 580 946 642 μοι
991 559 1372 642 μεταμώνια
1413 557 1646 643 νήματ’
1700 560 1960 643 ὄληται,

312 661 571 748 Λαέρτῃ
620 663 788 747 ἥρωι
830 665 1148 747 ταφήιον,
1196 666 1292 740 εἰς
1337 663 1444 729 ὅτε
1490 662 1606 728 κέν
1650 688 1767 749 μιν

310 767 487 854 μοῖρ’
541 769 702 852 ὀλοὴ
749 766 1070 853 καθέλῃσι
1117 768 1508 852 τανηλεγέος
1552 771 1908 853 θανάτοιο,
2235 786 2335 836 100

311 878 400 958 μή
444 878 544 952 τίς
589 897 703 960 μοι
747 876 913 940 κατὰ
959 875 1174 959 δῆμον
1214 872 1608 960 Ἀχαιιάδων
1651 879 2015 961 νεμεσήσῃ,

312 986 391 1045 αἱ
425 1004 540 1047 κεν
587 983 740 1067 ἄτερ
791 984 1068 1065 σπείρου
1113 990 1304 1064 κῆται
1351 984 1565 1048 πολλὰ
1608 982 2033 1060 κτεατίσσαςὲ

311 1081 401 1163 ὧς
446 1084 648 1171 ἔφαθ’
667 1135 685 1171 ,
732 1086 893 1170 ἡμῖν
940 1084 1002 1151 δ’
1056 1081 1201 1152 αὖτ’
1260 1087 1644 1154 ἐπεπείθετο
1689 1090 1907 1173 θυμὸς
1954 1087 2238 1173 ἀγήνωρ.

311 1196 479 1259 ἔνθα
524 1193 634 1259 καὶ
680 1194 918 1277 ἠματίη
966 1188 1089 1276 μὲν
1132 1191 1539 1278 ὑφαίνεσκεν
1584 1193 1795 1279 μέγαν
1843 1194 2057 1276 ἱστόν,

309 1302 552 1378 νύκτας
598 1299 658 1366 δ’
713 1300 1103 1382 ἀλλύεσκεν,
1149 1299 1290 1365 ἐπεὶ
1339 1302 1574 1378 δαΐδας
1616 1306 2000 1385 παραθεῖτο.
2237 1316 2337 1366 105

311 1402 400 1484 ὧς
443 1409 687 1492 τριέτες
732 1402 855 1491 μὲν
899 1409 1099 1489 ἔληθε
1148 1407 1321 1495 δόλφ
1369 1404 1478 1472 καὶ
1525 1410 1794 1471 ἔπειθεν
1833 1404 2160 1491 Ἀχαιούς·

311 1511 455 1577 ἀλλ’
510 1513 615 1578 ὅτε
663 1511 976 1596 τέτρατον
1020 1507 1232 1594 ἦλθεν
1278 1514 1423 1589 ἔτος
1467 1511 1578 1578 καὶ
1625 1513 1969 1597 ἐπήλυθον
2014 1507 2210 1596 ὧραι,

310 1616 419 1684 καὶ
464 1621 609 1683 τότε
658 1620 740 1701 δή
785 1640 885 1694 τις
930 1621 1101 1682 ἔειπε
1149 1630 1520 1701 γυναικῶν,
1566 1619 1608 1702 ἢ
1657 1620 1839 1703 σάφα
1884 1616 2043 1703 ᾔδη,

311 1724 420 1790 καὶ
465 1729 587 1809 τήν
632 1723 697 1808 γ’
751 1724 1133 1790 ἀλλύουσαν
1178 1724 1550 1809 ἐφεύρομεν
1596 1725 1847 1808 ἀγλαὸν
1895 1726 2096 1790 ἱστόν.

313 1827 400 1909 ὧς
445 1833 518 1898 τὸ
565 1828 687 1915 μὲν
733 1829 1094 1910 ἐξετέλεσσε
1139 1830 1250 1896 καὶ
1296 1832 1421 1896 οὐκ
1467 1829 1805 1913 ἐθέλουσ’,
1851 1829 1964 1895 ὑπ’
2018 1830 2337 1912 ἀνάγκης·

313 1936 420 2004 σοὶ
468 1935 529 2003 δ’
584 1932 711 2003 ὧδε
761 1945 1129 2022 μνηστῆρες
1173 1936 1679 2023 ὑποκρίνονται,
1728 1933 1817 2002 ἵν’
1873 1937 2054 2022 εἰδῇς
2237 1953 2332 2001 111

311 2045 509 2121 αὐτὸς
555 2052 648 2131 σῷ
693 2048 927 2130 θυμῷ,
975 2043 1203 2108 εἰδῶσι
1251 2040 1325 2110 δὲ
1369 2044 1610 2119 πάντες
1648 2039 1911 2125 Ἀχαιοί.

312 2149 558 2234 μητέρα
605 2148 730 2230 σὴν
776 2148 1198 2233 ἀπόπεμψον,
1247 2150 1504 2233 ἄνωχθι
1552 2147 1632 2214 δέ
1672 2172 1787 2232 μιν
1830 2147 2195 2233 γαμέεσθαι

312 2266 434 2345 τῷ,
480 2253 641 2342 ὅτεῴ
687 2278 757 2319 τε
801 2254 1014 2338 πατὴρ
1060 2252 1313 2319 κέλεται
1358 2253 1470 2319 καὶ
1515 2253 1787 2319 ἁνδάνει
1834 2253 2016 2339 αὐτῇ.

311 2364 376 2427 εί
417 2358 480 2426 δ’
536 2358 625 2425 ἔτ’
679 2358 936 2443 ἀνιήσει
982 2383 1057 2443 γε
1102 2364 1317 2426 πολὺν
1363 2362 1608 2446 χρόνον
1654 2351 1804 2436 υἷας
1843 2358 2148 2444 Ἀχαιῶν,
2234 2376 2334 2425 115

311 2469 391 2531 τὰ
437 2464 801 2552 φρονέουσ’
855 2465 985 2531 ἀνὰ
1031 2468 1287 2551 θυμόν,
1336 2466 1372 2531 ὅ
1419 2467 1491 2531 οί
1529 2465 1678 2550 πέρι
1726 2468 1938 2531 δῶκεν
1978 2465 2227 2550 Ἀθήνη

312 2576 472 2655 ἔργα
517 2570 579 2636 τ’
633 2571 1030 2637 ἐπίστασθαι
1073 2569 1470 2656 περικαλλέα
1516 2570 1627 2637 καὶ
1674 2571 1924 2656 φρένας
1969 2572 2212 2650 ἐσθλὰς

311 2677 547 2763 κέρδεά
590 2675 694 2759 θ’,
740 2669 829 2743 οἷ’
883 2679 965 2743 οὔ
1010 2678 1112 2742 πώ
1158 2676 1287 2742 τιν’
1343 2677 1672 2761 ἀκούομεν
1718 2675 1875 2744 οὐδὲ
1921 2684 2249 2761 παλαιῶν,

311 2786 521 2866 τάων,
569 2787 645 2848 αἳ
683 2784 893 2868 πάρος
937 2778 1109 2866 ἦσαν
1155 2782 1632 2866 ἐυπλοκαμῖδες
1670 2782 1947 2869 Ἀχαιαί,

321 2890 510 2974 Τυρώ
558 2886 616 2954 τ’
663 2885 988 2972 Ἀλκμήνη
1034 2911 1104 2955 τε
1149 2887 1556 2973 ἐυστέφανός
1599 2911 1667 2954 τε
1714 2892 2032 2975 Μυκήνη·
2232 2907 2334 2957 120

311 2997 488 3061 τάων
543 2995 626 3060 οὔ
668 3017 768 3071 τις
813 2994 1010 3077 ὁμοῖα
1054 2997 1350 3079 νοήματα
1398 2997 1815 3078 Πηνελοπείῃ

312 3101 468 3187 ᾔδη·
515 3101 676 3185 ἀτὰρ
724 3096 845 3184 μὲν
889 3102 1086 3165 τοῦτό
1132 3097 1200 3183 γ’
1252 3100 1597 3185 ἐναίσιμον
1644 3099 1766 3165 οὐκ
1812 3098 2101 3183 ἐνόησεν.

311 3210 528 3291 τόφρα
572 3207 698 3291 γὰρ
745 3201 870 3271 οὖν
916 3209 1144 3289 βίοτόν
1188 3230 1256 3272 τε
1303 3206 1456 3271 τεὸν
1500 3204 1610 3271 καὶ
1654 3204 1923 3288 κτήματ’
1977 3208 2268 3288 ἔδονται,

313 3316 492 3399 ὄφρα
536 3337 606 3378 κε
654 3315 837 3396 κείνη
885 3322 1125 3377 τοῦτον
1171 3315 1284 3397 ἔχῃ
1329 3313 1525 3394 νόον,
1574 3310 1653 3375 ὅν
1697 3311 1848 3374 τινά
1893 3311 1965 3375 οί
2002 3321 2131 3377 νῦν

313 3419 387 3485 ἐν
433 3421 752 3502 στήθεσσι
797 3426 1046 3484 τιθεῖσι
1088 3420 1269 3483 θεοί·
1315 3415 1480 3501 μέγα
1527 3412 1649 3500 μὲν
1694 3414 1881 3492 κλέος
1926 3417 2095 3501 αὐτῇ
2232 3432 2331 3480 125

312 3522 573 3606 ποιεῖτ’,
620 3525 830 3611 αὐτὰρ
878 3527 995 3591 σοί
1034 3548 1108 3607 γε
1154 3524 1381 3606 ποθὴν
1426 3520 1663 3597 πολέος
1708 3523 1977 3602 βιότοιο.

1833 3623 1909 3677 2*
