2646 3932
1022 178 1438 231 οΔΤΣΣΕΙΑΣ
1473 180 1596 230 xn.
2126 176 2247 240 197

232 330 360 386 νῦν
408 317 469 385 δ’
523 317 744 403 ἄγεθ’,
791 320 882 397 ὡς
927 317 1011 385 ἀν
1056 319 1182 402 ἐγὼ
1229 326 1423 401 εἴπω,
1469 320 1862 404 πειθώμεθα
1906 319 2161 396 πάντες.

233 425 420 510 ὑμεῖς
463 423 585 510 μὲν
628 426 927 511 κώπῃσιν
972 424 1130 503 ἁλὸς
1175 426 1463 511 ῥηγμῖνα
1507 428 1791 509 βαθεῖαν

235 531 503 598 τύπτετε
548 535 932 617 κληίδεσσιν
978 532 1327 617 ἐφήμενοι,
1374 538 1452 597 αι’
1488 530 1565 597 κε’
1605 537 1771 597 ποθι
1820 533 1988 608 Ζεὺς
2150 548 2253 597 215

238 637 376 722 δώῃ
419 640 613 704 τόνδε
659 636 722 721 γ’
775 640 1063 723 ὄλεθρον
1107 635 1551 726 ὑπςκφυγέειν
1595 634 1705 702 καὶ
1751 635 2011 715 ἀλύξαι·

164 736 177 747 ’
239 740 347 808 σοὶ
393 742 496 827 δέ,
541 742 933 830 κυβερνῆθ’,
980 740 1098 811 ὧδ’
1152 743 1595 827 ἐπιτέλλομαι·
1642 740 1785 808 ἀλλ’
1838 741 1939 809 ἐνὶ
1983 749 2181 830 θυμῷ

238 850 513 933 βάλλευ,
560 850 700 916 ἐπεὶ
746 852 905 935 νηὸς
948 856 1297 937 γλαφυρῆς
1344 853 1523 934 οἰήια
1567 858 1809 937 νωμᾷς.

237 957 479 1022 τούτου
524 954 644 1041 μὲν
688 965 949 1022 καπνοῦ
995 955 1106 1022 καὶ
1149 958 1439 1042 κύματος
1485 957 1667 1034 ἐκτὸς
1711 959 1894 1041 ἔεργε

239 1072 397 1146 νῆα,
444 1066 529 1129 σὺ
575 1059 648 1128 δὲ
694 1062 1021 1129 σκοπέλου
1067 1063 1398 1148 ἐπιμαίεο,
1445 1065 1534 1147 μή
1581 1079 1655 1128 σε
1702 1063 1992 1147 λάθῃσιν
2155 1078 2259 1126 220

239 1167 400 1234 κεῖσ’
454 1168 865 1253 ἐξορμήσασα
908 1167 1017 1234 καὶ
1065 1168 1132 1246 ἐς
1175 1170 1382 1235 κακὸν
1429 1170 1596 1253 ἄμμε
1642 1169 1992 1253 βάλησθαέ

331 1269 419 1350 ὧς
464 1272 756 1359 ἐφάμην,
802 1276 873 1340 οἱ
916 1273 977 1339 δ’
1031 1271 1168 1341 ὦκα
1215 1274 1396 1360 ἐμοῖς
1442 1274 1701 1341 ἐπέεσσι
1743 1277 2046 1339 πίθοντο.

243 1381 556 1463 Σκύλλην
603 1378 664 1444 δ’
719 1377 932 1446 οὐκέτ’
986 1379 1398 1465 ἐμυθεόμην,
1445 1381 1782 1466 ἄπρηκτον
1828 1379 2053 1465 ἀνίην,

243 1487 333 1569 μή
378 1486 516 1562 πώς
560 1509 675 1570 μοι
722 1487 1058 1564 δείσαντες
1103 1486 1542 1570 ἀπολλήξειαν
1587 1483 1835 1570 ἑταῖροι

245 1594 556 1679 εἰρεσίης,
603 1592 788 1670 ἐντὸς
835 1589 907 1658 δὲ
952 1594 1304 1672 πυκάζοιεν
1350 1593 1558 1678 σφέας
1602 1593 1863 1671 αὐτούς.
2159 1608 2263 1657 225

244 1696 354 1763 καὶ
398 1701 543 1765 τότε
592 1700 674 1783 δὴ
721 1702 974 1785 Κίρκης
1017 1696 1140 1784 μὲν
1187 1698 1615 1784 ἐφημοσύνης
1660 1698 2000 1781 ἀλεγεινῆς

245 1808 713 1890 λανθανόμην,
759 1802 900 1870 ἐπεὶ
948 1805 1030 1869 οὔ
1075 1807 1146 1868 τί
1186 1802 1253 1889 μ’
1306 1804 1549 1886 ἀνώγει
1593 1805 2096 1888 θωρήσσεσθαι·

248 1911 454 1997 αὐτὰρ
502 1910 629 1994 ἐγὼ
675 1912 962 1988 καταδὺς
1006 1911 1211 1977 κλυτὰ
1255 1912 1488 1997 τεύχεα
1533 1907 1644 1977 καὶ
1690 1909 1814 1976 δύο
1861 1911 2061 1996 δοῦρε

247 2015 442 2102 μάκρ’
497 2016 571 2082 ἐν
614 2014 843 2102 χερσὶν
888 2016 1058 2082 ἑλὼν
1113 2024 1208 2095 εἰς
1254 2025 1432 2104 ἴκρια
1476 2019 1638 2103 νηὸς
1682 2019 1952 2100 ἔβαινον

247 2125 538 2209 πρώρης·
583 2125 784 2188 ἔνθεν
819 2123 945 2207 γάρ
983 2147 1098 2207 μιν
1135 2122 1418 2208 ἐδέγμην
1455 2134 1682 2210 πρῶτα
1718 2129 2082 2207 φανεῖσθαι
2162 2141 2266 2191 230

248 2229 562 2314 Σκύλλην
605 2232 950 2312 πετραίην,
996 2229 1038 2312 ἥ
1083 2254 1196 2315 μοι
1243 2230 1404 2315 φέρε
1450 2227 1611 2314 πῆμ’
1664 2226 2014 2315 ἑτάροισιν.

249 2334 413 2400 οὐδέ
452 2356 543 2421 πῃ
589 2334 880 2420 ἀθρῆσαι
926 2336 1261 2421 δυνάμην,
1307 2339 1552 2422 ἔκαμον
1597 2334 1678 2401 δέ
1716 2359 1831 2420 μοι
1877 2336 2034 2401 ὄσσε

247 2443 460 2526 πάντῃ
504 2443 938 2506 παπταίνοντι
982 2442 1147 2527 πρὸς
1191 2440 1531 2526 ἠεροειδέα
1575 2439 1840 2526 πέτρην.

335 2548 523 2633 ἡμεῖς
566 2544 688 2632 μὲν
733 2547 1097 2612 στεινωπὸν
1142 2546 1545 2632 ἀνεπλέομεν
1588 2549 1941 2630 γοόωντες·

249 2657 451 2719 ἔνθεν
496 2649 618 2737 μὲν
662 2654 966 2737 Σκύλλη,
1014 2652 1290 2739 ἑτέρωθι
1338 2650 1411 2719 δὲ
1459 2655 1569 2719 δῖα
1617 2655 1956 2738 Χάρυβδις
2167 2671 2271 2721 235

251 2761 476 2827 δεινὸν
522 2759 999 2845 ἀνερροίβδησε
1044 2760 1390 2844 θαλάσσης
1435 2759 1736 2845 ἁλμυρὸν
1780 2760 1985 2842 ὕδωρ.

250 2861 291 2949 ἦ
336 2891 439 2932 τοι
485 2863 581 2931 ὅτ’
634 2864 982 2950 ἐξεμέσειε,
1030 2864 1224 2950 λέβης
1271 2866 1360 2943 ὣς
1406 2866 1479 2932 ἐν
1523 2864 1685 2951 πυρὶ
1729 2870 1951 2955 πολλῷ

252 2971 406 3037 πᾶσ’
458 2971 1002 3058 ἀναμορμύρεσκε
1045 2971 1424 3057 κυκωμένη,
1469 2973 1680 3051 ὑψόσε
1727 2970 1790 3037 δ’
1844 2973 2008 3058 ἄχνη

252 3079 511 3163 ἄκροισι
557 3077 979 3143 σκοπέλοισιν
1024 3075 1123 3143 ἐπ’
1178 3076 1654 3165 ἀμφοτέροισιν
1699 3081 1993 3144 ἔπιπτεν·

253 3181 398 3250 ἀλλ’
451 3180 549 3249 ὅτ’
600 3182 983 3270 ἀναβρόξειε
1027 3185 1373 3269 θαλάσσης
1417 3183 1717 3270 ἁλμυρὸν
1761 3184 1976 3269 ὕδωρ,
2169 3203 2272 3251 240

251 3288 407 3357 πᾶσ’
461 3293 736 3357 ἔντοσθε
784 3293 1072 3376 φάνεσκε
1114 3289 1495 3376 κυκωμένη,
1542 3289 1712 3376 ἀμφὶ
1758 3286 1831 3355 δὲ
1876 3289 2079 3377 πέτρη

252 3397 477 3463 δεινὸν
523 3396 938 3482 ἐβεβρύχειν,
984 3393 1314 3482 ὑπένερθε
1364 3393 1438 3462 δὲ
1482 3406 1640 3479 γαῖα
1683 3396 2019 3481 φάνεσκεν

248 3505 492 3592 ψάμμῳ
538 3500 814 3587 κυανέη·
860 3504 1017 3578 τοὺς
1064 3498 1137 3567 δὲ
1182 3503 1442 3587 χλωρὸν
1490 3501 1640 3579 δέος
1686 3500 1891 3587 ᾔρειν.
