2646 3932
949 193 1365 244 οΔΥΣΣΕΙΑΣ
1403 195 1501 246 111.
2140 189 2225 253 43

205 344 468 418 τρητοῖς
514 333 588 399 ἐν
633 332 968 418 λεχέεσσιν
1014 331 1126 399 ὑπ’
1179 334 1472 420 αἰθούσῃ
1519 334 1883 424 ἐριδούπῳ,

207 439 338 524 πὰρ
386 435 449 504 δ’
503 436 607 524 ἄρ’
661 438 1019 524 ἐυμμελίην
1059 443 1544 526 Πεισίστρατον
1590 441 1883 526 ὄρχαμον
1930 438 2227 522 ἀνδρῶν,

208 543 282 621 ὅς
325 543 399 609 οί
440 541 528 609 ἔτ’
581 543 813 629 ἠίθεος
856 547 1118 611 παίδων
1162 540 1248 629 ἦν
1293 545 1369 613 ἐν
1413 546 1819 631 μεγάροισιν.
2122 560 2224 609 401

209 648 407 726 αὐτὸς
453 647 514 714 δ’
568 644 723 716 αὖτε
770 653 1061 745 καθεῦδε
1106 660 1292 741 μυχῷ
1342 653 1555 736 δόμου
1599 650 1920 734 ὑψηλοῖο,

208 763 298 843 τῷ
347 752 409 819 δ’
465 756 703 840 ἄλοχος
748 755 1068 823 δέσποινα
1114 756 1301 841 λέχος
1346 760 1638 842 πόρσυνε
1683 755 1793 823 καὶ
1839 757 2058 839 εὐνήν.

298 856 463 945 ἦμος
509 860 570 926 δ’
624 862 958 946 ἠριγένεια
1003 863 1183 947 φάνη
1230 863 1720 947 ῥοδοδάκτυλος
1757 860 1957 945 Ἠώς,
2082 894 2086 898 ·

210 964 452 1052 ὤρνυτ’
506 965 610 1050 ἄρ’
662 967 728 1047 ἐξ
775 968 1017 1053 εὐνῆφι
1066 971 1385 1054 Γερήνιος
1432 968 1671 1034 ἱππότα
1715 967 2024 1053 Νέστωρ,
2128 984 2233 1033 405

212 1071 284 1137 ἐκ
330 1069 392 1137 δ’
445 1070 667 1138 ἐλθὼν
711 1071 851 1139 κατ’
903 1071 1009 1160 ἄρ’
1062 1070 1219 1153 ἕζετ’
1272 1072 1379 1139 ἐπὶ
1425 1073 1709 1154 ξεστοῖσι
1755 1078 2081 1157 λίθοισιν,

210 1179 285 1244 οῗ
323 1179 395 1243 οί
433 1180 593 1244 ἔσαν
637 1180 1054 1265 προπάροιθε
1097 1180 1381 1265 θυράων
1423 1178 1744 1263 ὑψηλάων

212 1287 467 1366 λευκοί,
513 1283 1023 1369 ἀποστίλβοντες
1068 1284 1451 1369 ἀλείφατος·
1498 1277 1600 1362 οἷς
1643 1288 1751 1351 ἔπι
1795 1281 1917 1369 μὲν
1961 1283 2121 1371 πρὶν

217 1391 479 1474 Νηλεὺς
525 1391 779 1469 ἵζεσκεν
821 1393 1073 1475 θεόφιν
1117 1393 1384 1476 μήστωρ
1432 1390 1821 1469 ἀτάλαντος·

214 1492 359 1560 ἀλλ’
413 1494 449 1561 ὁ
495 1492 617 1580 μὲν
663 1497 791 1579 ἤδη
837 1494 991 1581 κηρὶ
1037 1495 1266 1580 δαμεὶς
1305 1493 1603 1562 Ἄιδόσδε
1650 1499 1986 1582 βεβήκειν,
2130 1512 2235 1561 410

216 1600 492 1687 Νέστωρ
539 1596 625 1667 αὖ
669 1599 804 1667 τότ’
861 1602 1038 1687 ἐφῖζε
1086 1604 1435 1688 Γερήνιος,
1484 1597 1685 1688 οὖρος
1721 1601 2030 1688 Ἀχαιῶν,

215 1716 549 1795 σκῆπτρον
594 1710 780 1792 ἔχων.
871 1706 1023 1794 περὶ
1070 1706 1130 1773 δ’
1181 1699 1322 1784 υἷες
1368 1706 1634 1785 ἀολλέες
1677 1708 2083 1795 ἠγερέθοντο

216 1813 287 1879 ἐκ
330 1814 656 1897 θαλάμων
701 1813 1042 1897 ἐλθόντες,
1081 1811 1419 1899 Ἐχέφρων
1462 1836 1533 1879 τε
1578 1818 1904 1899 Στρατίος
1946 1838 2016 1880 τε

220 1920 518 2006 Περσεύς
562 1917 618 1984 τ’
654 1918 934 2005 ’Ἄρητός
976 1943 1046 1986 τε
1090 1917 1201 1985 καὶ
1247 1918 1557 1997 ἀντίθεος
1606 1922 2075 2006 Θρασυμήδης·

215 2037 390 2091 τοῖσι
436 2023 498 2092 δ’
552 2024 763 2091 ἔπειθ’
816 2025 1001 2103 ἕκτος
1048 2028 1526 2111 Πεισίστρατος
1570 2026 1826 2108 ἤλυθεν
1870 2027 2072 2110 ἥρως·
2133 2043 2235 2090 415

217 2133 348 2218 πὰρ
396 2129 458 2197 δ’
511 2133 640 2218 ἄρα
695 2130 1075 2216 Τηλέμαχον
1119 2133 1503 2197 θεοείκελον
1548 2123 1736 2198 εἷσαν
1780 2132 2067 2215 ἄγοντες.

217 2249 390 2303 τοῖσι
438 2233 512 2303 δὲ
559 2238 798 2322 μύθων
842 2232 1002 2323 ἦρχε
1049 2238 1369 2323 Γερήνιος
1416 2238 1658 2303 ίππότα
1703 2236 2008 2325 Νέστωρ·

219 2347 690 2429 ,,καρπαλίμως
733 2366 877 2428 μοι,
921 2342 1119 2410 τέκνα
1163 2345 1359 2427 φίλα,
1404 2340 1718 2428 κρηήνατ’
1771 2341 2045 2430 ἐέλδωρ,

221 2446 376 2537 ὄφρ’
428 2444 469 2533 ἦ
515 2473 619 2516 τοι
664 2451 996 2535 πρώτιστα
1041 2455 1225 2514 θεῶν
1273 2446 1575 2533 ἱλάσσομ’
1622 2446 1945 2533 Ἀθήνην,

221 2556 260 2639 ἥ
307 2578 419 2640 μοι
467 2555 746 2641 ἐναργὴς
789 2550 957 2638 ἦλθε
1000 2560 1171 2621 θεοῦ
1218 2554 1284 2631 ἐς
1330 2555 1523 2619 δαῖτα
1567 2555 1867 2620 θάλειαν.
2136 2571 2241 2621 420

221 2658 364 2726 ἀλλ’
424 2658 529 2744 ἄγ’
584 2660 620 2727 ὁ
665 2656 786 2745 μὲν
829 2657 1125 2726 πεδίονδ’
1179 2657 1284 2724 ἐπὶ
1330 2662 1500 2743 βοῦν
1547 2664 1694 2742 ἴτω,
1752 2661 1929 2745 ὄφρα
1972 2662 2242 2746 τάχιστα

222 2770 530 2852 ἔλθῃσιν,
576 2766 778 2851 ἐλάσῃ
824 2762 898 2831 δὲ
944 2769 1123 2849 βοῶν
1170 2764 1602 2849 ἐπιβουκόλος
1647 2765 1844 2852 ἀνήρ·

221 2864 316 2949 εἷς
361 2869 424 2939 δ’
476 2870 582 2938 ἐπὶ
637 2873 1020 2956 Τηλεμάχου
1064 2871 1460 2955 μεγαθύμου
1505 2880 1634 2954 νῆα
1678 2870 1995 2956 μέλαιναν

221 2978 470 3055 πάντας
516 2980 638 3043 ἰὼν
683 2976 959 3064 ἑτάρους
1004 2976 1243 3061 ἀγέτω,
1291 2976 1530 3043 λιπέτω
1579 2973 1652 3042 δὲ
1699 2975 1810 3042 δύ’
1864 2985 2075 3055 οἴους·

221 3076 316 3161 εἷς
364 3081 427 3150 δ’
480 3078 567 3149 αὖ
612 3087 985 3170 χρυσοχόον
1030 3081 1332 3167 Λαέρκεα
1380 3084 1581 3167 δεῦρο
1627 3083 1923 3150 κελέσθω
2139 3100 2243 3148 425

223 3191 449 3256 ἐλθεῖν
461 3238 480 3274 ,
528 3191 707 3276 ὄφρα
751 3192 909 3274 βοὸς
954 3190 1205 3275 χρυσὸν
1250 3188 1524 3275 κέρασιν
1568 3190 1897 3276 περιχεύῃ.

223 3297 295 3362 οί
335 3294 399 3362 δ’
450 3297 642 3361 ἄλλοι
687 3293 901 3380 μένετ’
954 3296 1164 3362 αὐτοῦ
1210 3293 1508 3378 ἀολλέες,
1554 3302 1773 3361 εἴπατε
1823 3293 1885 3360 δ’
1937 3300 2094 3361 εἴσω

224 3405 524 3489 δμωῇσιν
567 3402 732 3468 κατὰ
776 3397 1022 3486 δώματ’
1075 3400 1409 3483 ἀγακλυτὰ
1455 3402 1648 3466 δαῖτα
1690 3398 2040 3482 πένεσθαι,

223 3508 421 3594 ἕδρας
465 3531 535 3573 τε
583 3507 744 3586 ξύλα
786 3504 845 3572 τ’
900 3505 1071 3591 ἀμφὶ
1115 3505 1225 3572 καὶ
1270 3505 1521 3589 ἀγλαὸν
1568 3504 1831 3590 οἰσέμεν
1876 3504 2121 3588 ὕδωρ.“
