2646 3932
1030 211 1447 262 οΔΤΣΣΕΙΑΣ
1483 212 1578 265 DL
2184 213 2309 275 145

287 355 540 420 νοῦσόν
584 351 649 437 γ’
701 355 784 420 οὔ
828 374 967 430 πως
1011 355 1153 419 ἔστι
1196 354 1367 429 Διὸς
1411 354 1703 438 μεγάλου
1750 352 2104 437 ἀλέασθαι,

289 459 455 526 ἀλλὰ
500 460 587 525 σύ
630 456 696 543 γ’
747 460 936 544 εὔχεο
981 457 1181 544 πατρὶ
1226 459 1650 524 Ποσειδάωνι
1686 461 1959 525 ἄνακτιέ

378 561 468 643 ὧς
513 563 616 651 ἄρ’
669 568 841 650 ἔφαν
882 564 1217 648 ἀπιόντες,
1264 562 1424 648 ἐμὸν
1462 560 1523 628 δ’
1570 563 1878 647 ἐγέλασσε
1914 568 2117 651 φίλον
2153 576 2308 652 κῆρ,

289 672 378 749 ὣς
423 668 611 757 ὄνομ’
664 671 1068 755 ἐξαπάτησεν
1114 671 1274 755 ἐμὸν
1318 668 1431 736 καὶ
1476 679 1666 754 μῆτις
1712 670 2005 755 ἀμύμων.

290 779 585 856 Κύκλωψ
631 773 705 844 δὲ
751 778 1087 861 στενάχων
1130 800 1202 843 τε
1246 775 1358 842 καὶ
1404 776 1668 841 ὠδίνων
1714 776 2038 862 ὀδύνῃσιν
2205 794 2308 842 415

288 882 474 970 χερσὶ
518 885 890 968 ψηλαφόων
937 881 1063 947 ἀπὸ
1110 878 1231 966 μὲν
1277 884 1478 947 λίθον
1524 874 1658 947 εἷλε
1701 884 2015 968 θυράων,

289 991 488 1068 αὐτὸς
535 987 597 1056 δ’
650 987 779 1055 εἰνὶ
823 988 1077 1073 θύρῃσι
1122 987 1434 1066 καθέζετο
1479 998 1655 1075 χεῖρε
1701 989 2059 1073 πετάσσας,

288 1103 357 1162 εἰ
390 1097 542 1162 τινά
588 1117 720 1160 που
767 1090 907 1178 μετ’
960 1095 1146 1158 ὄεσσι
1191 1095 1388 1177 λάβοι
1434 1097 1776 1178 στείχοντα
1819 1096 2097 1180 θύραζε·

287 1202 461 1268 οὕτω
507 1203 636 1287 γάρ
681 1200 813 1265 πού
863 1197 930 1284 μ’
983 1196 1208 1284 ἤλπετ’
1263 1197 1365 1264 ἐνὶ
1411 1198 1611 1286 φρεσὶ
1655 1202 1898 1285 νήπιον
1944 1198 2132 1267 εἶναι.

290 1307 497 1393 αὐτὰρ
545 1307 672 1390 ἐγὼ
719 1307 1078 1390 βούλευον,
1125 1305 1299 1382 ὅπως
1346 1302 1445 1390 ὄχ’
1499 1306 1733 1392 ἄριστα
1778 1306 2069 1391 γένοιτο,
2205 1325 2308 1374 420

288 1420 358 1479 εί
390 1410 519 1479 τιν’
573 1412 932 1500 ἑταίροισιν
975 1412 1280 1477 θανάτου
1326 1413 1522 1478 λύσιν
1566 1413 1654 1497 ἠδ
1657 1410 1673 1435 ’
1728 1411 1874 1498 ἐμοὶ
1918 1414 2095 1502 αὐτῷ

289 1519 637 1606 εὑροίμην·
700 1520 949 1595 πάντας
995 1513 1070 1583 δὲ
1116 1518 1359 1595 δόλους
1401 1516 1514 1584 καὶ
1558 1528 1755 1603 μῆτιν
1800 1519 2093 1605 ὕφαινον

289 1627 378 1703 ὥς
420 1649 494 1691 τε
539 1624 690 1711 περὶ
734 1633 977 1709 ψυχῆς·
1024 1622 1192 1709 μέγα
1236 1625 1364 1710 γὰρ
1410 1627 1616 1691 κακὸν
1663 1624 1951 1708 ἐγγύθεν
1994 1621 2130 1709 ἦεν.

287 1733 406 1816 ἥδε
453 1730 533 1798 δέ
572 1755 687 1816 μοι
729 1732 894 1796 κατὰ
936 1732 1163 1814 θυμὸν
1209 1730 1443 1816 ἀρίστη
1490 1734 1766 1816 φαίνετο
1812 1734 2041 1816 βουλή.

288 1840 559 1924 ἄρσενες
604 1839 739 1915 ὄιες
782 1832 956 1920 ἦσαν
1002 1835 1348 1923 ἐυτρεφέες
1393 1837 1838 1921 δασύμαλλοι,
2204 1855 2307 1903 425

287 1947 487 2011 καλοί
523 1968 593 2010 τε
640 1945 913 2029 μεγάλοι
956 1965 1058 2026 τε,
1108 1938 1416 2029 ἰοδνεφὲς
1462 1938 1638 2030 εἶρος
1683 1945 1971 2029 ἔχοντες·

289 2053 444 2128 τοὺς
489 2048 703 2115 ἀκέων
750 2048 1110 2135 συνέεργον
1156 2047 1624 2135 ἐυστρεφέεσσι
1669 2051 2006 2135 λύγοισιν,

289 2164 404 2241 τῇς
450 2158 556 2221 ἔπι
601 2155 895 2234 Κύκλωψ
939 2151 1093 2220 εὗδε
1138 2153 1359 2241 πέλωρ
1415 2154 1766 2240 ἀθεμίστια
1811 2158 2034 2239 εἰδώς,

292 2262 594 2347 σύντρεις
640 2261 1023 2345 αἰνύμενος·
1070 2261 1106 2327 ὁ
1153 2257 1274 2346 μὲν
1322 2261 1395 2327 ἐν
1440 2260 1616 2349 ’μέσῳ
1666 2263 1878 2347 ἄνδρα
1923 2262 2272 2348 φέρεσκεν,

290 2368 379 2432 τω
428 2363 489 2431 δ’
544 2364 740 2452 ἑτέρω
788 2365 1142 2452 ἑκάτερθεν
1188 2374 1337 2452 ἴτην
1383 2368 1667 2444 σώοντες
1711 2366 2026 2453 ἑταίρους.
2203 2385 2306 2433 430

289 2483 465 2558 τρεῖς
511 2468 585 2538 δὲ
631 2471 909 2538 ἕκαστον
955 2469 1120 2557 φῶτ’
1174 2475 1307 2550 ὄιες
1353 2472 1592 2559 φέρον·
1638 2473 1847 2559 αὐτὰρ
1894 2472 2019 2555 ἐγώ
2066 2496 2139 2555 γε
2184 2511 2274 2520 -

291 2578 555 2665 ἀρνειὸς
600 2578 726 2664 γὰρ
774 2581 891 2662 ἔην
937 2581 1164 2663 μήλων
1210 2576 1307 2663 ὄχ’
1363 2580 1630 2664 ἄριστος
1674 2579 2015 2662 ἁπάντων,

287 2694 408 2750 τοῦ
453 2685 618 2750 κατὰ
661 2695 840 2750 νῶτα
888 2685 1141 2768 λαβών,
1188 2688 1426 2769 λασίην
1470 2684 1600 2750 ὑπὸ
1645 2680 1908 2771 γαστέρ’
1961 2682 2268 2760 ἐλυσθεὶς

288 2794 548 2876 κείμην·
594 2791 804 2877 αὐτὰρ
850 2789 1079 2875 χερσὶν
1124 2790 1344 2856 ἀώτου
1389 2794 1775 2856 θεσπεσίοιο

287 2895 630 2982 νωλεμέως
677 2893 1033 2982 στρεφθεὶς
1078 2895 1323 2981 ἐχόμην
1366 2899 1662 2981 τετληότι
1706 2902 1922 2983 θυμῷ.
2202 2911 2306 2960 435

379 2998 467 3081 ὧς
509 3006 656 3069 τότε
702 2998 824 3086 μὲν
871 3002 1296 3086 στενάχοντες
1342 3001 1687 3087 ἐμείναμεν
1727 2999 1859 3067 Ἠῶ
1907 3003 2088 3067 δῖαν·

289 3103 455 3194 ἦμος
500 3105 561 3175 δ’
612 3106 948 3194 ἠριγένεια
994 3108 1173 3192 φάνη
1222 3107 1712 3192 ῥοδοδάκτυλος
1751 3105 1950 3190 Ἠώς,

290 3212 400 3280 καὶ
443 3217 578 3280 τότ’
601 3217 820 3280 ἔπειτα
863 3210 1139 3297 νομόνδ’
1194 3212 1502 3292 ἐξέσσυτο
1549 3216 1794 3300 ἄρσενα
1839 3219 2041 3298 μῆλα,

288 3321 555 3403 θήλειαι
600 3315 674 3384 δὲ
718 3318 1012 3404 μέμηκον
1058 3318 1450 3403 ἀνήμελκτοι
1493 3319 1644 3406 περὶ
1690 3321 1959 3404 σηκούς·

292 3426 550 3491 οὔθατα
583 3427 710 3512 γὰρ
738 3434 1220 3511 σφαραγεῦντο.
1286 3424 1449 3504 ἄναξ
1479 3423 1539 3490 δ’
1576 3426 1856 3511 ὀδύνῃσι
1883 3433 2163 3510 κακῇσιν
2198 3440 2305 3490 440

288 3534 665 3618 τειρόμενος
707 3533 975 3598 πάντων
1022 3531 1183 3597 ὀίων
1230 3531 1570 3615 ἐπεμαίετο
1614 3542 1792 3596 νῶτα

397 3647 444 3686 Η
446 3655 599 3687 ιιιιι
628 3644 665 3685 O
667 3655 860 3686 nnnnnnn
914 3647 953 3685 1.
1816 3640 1881 3689 10
