2646 3932
385 199 512 265 164
1144 201 1561 253 οΔΤΣΣΕῐΑΣ
1596 202 1661 255 Κ.

376 346 667 428 κτήματα
713 338 775 408 δ’
826 343 901 410 ἐν
945 345 1223 431 σπήεσσι
1267 343 1684 427 πελάσσομεν
1728 343 1899 408 ὅπλα
1941 367 2013 410 τε
2058 345 2303 410 πάντα·

378 448 569 515 αὐτοὶ
615 444 676 514 δ’
728 449 1094 537 ὀτρύνεσθε
1140 434 1309 534 ἐμοὶᾸ
1334 450 1466 533 ἅμα
1510 450 1750 526 πάντες
1795 449 2107 535 ἕπεσθαι,
2298 467 2408 517 426

378 556 556 642 ὄφρα
601 552 786 640 ἴδηθ’
839 555 1115 642 ἑτάρους
1160 556 1365 642 ἱεροῖς
1410 555 1483 621 ἐν
1531 556 1791 640 δώμασι
1836 560 2090 643 Κίρκης

375 664 693 738 πίνοντας
735 659 847 727 καὶ
891 664 1190 738 ἔδοντας·
1238 661 1599 746 ἐπηετανὸν
1642 662 1770 748 γὰρ
1816 663 2100 746 ἔχουσιν.

466 762 555 844 ὧς
599 766 891 853 ἐφάμην,
940 770 1011 833 οἰ
1051 762 1112 833 δ’
1165 761 1302 832 ὦκα
1348 767 1530 852 ἐμοῖς
1576 766 1838 834 ἐπέεσσι
1882 771 2187 837 πίθοντο.

378 873 767 960 Εὐρύλοχος
813 873 892 939 δέ
932 898 1046 959 μοι
1093 869 1233 951 οἷος
1279 873 1558 960 ἐρύκανε
1601 876 1853 951 πάντας
1897 874 2199 963 ἑταίρους

378 982 521 1060 [καί
562 996 769 1065 σφεας
815 982 1132 1065 φωνήσας
1177 982 1335 1046 ἔπεα
1380 982 1737 1065 πτερόεντα
1782 983 2188 1067 προσηύδα]·
2300 1000 2408 1050 430

376 1082 442 1170 ,ἆ
487 1087 725 1169 δειλοί,
771 1081 922 1151 πόσ’
974 1093 1149 1171 ἴμενς
1196 1089 1269 1151 τί
1303 1097 1525 1152 κακῶν
1573 1088 1851 1174 ἱμείρετε
1895 1088 2185 1172 τούτων,

377 1195 625 1278 Κίρκης
669 1191 736 1269 ἐς
778 1190 1070 1278 μέγαρον
1116 1195 1591 1276 καταβήμεναι,
1638 1193 1680 1277 ἥ
1725 1217 1841 1259 κεν
1887 1194 2181 1273 ἅπαντας

375 1298 417 1383 ἢ
464 1307 584 1376 σῦς
628 1295 704 1381 ἠὲ
749 1299 993 1375 λύκους
1038 1301 1382 1383 ποιήσεται
1426 1296 1501 1382 ἠὲ
1549 1298 1851 1384 λέοντας,

377 1406 448 1470 οἵ
483 1403 600 1470 κέν
646 1405 717 1470 οἱ
754 1403 921 1489 μέγα
967 1406 1155 1489 δῶμα
1201 1406 1660 1490 φυλάσσοιμεν
1706 1405 1818 1472 καὶ
1864 1406 2152 1493 ἀνάγκῃ,

376 1512 465 1589 ὥς
507 1532 630 1595 περ
676 1510 970 1589 Κύκλωψ
1015 1506 1172 1598 ἔρξ’,
1221 1511 1330 1576 ὅτε
1376 1512 1447 1577 οἱ
1486 1511 1865 1596 μέσσαυλον
1910 1514 2136 1579 ἵκοντο
2294 1529 2405 1580 436

374 1615 676 1704 ἡμέτεροι
723 1617 977 1704 ἕταροι,
1025 1620 1153 1683 σὺν
1199 1612 1262 1683 δ’
1315 1618 1351 1684 ὁ
1397 1620 1660 1703 θρασὺς
1704 1613 1903 1684 εἵπετ’
1949 1613 2331 1696 Ὀδυσσεύς·

372 1723 616 1789 τούτου
662 1724 789 1810 γὰρ
832 1721 945 1788 καὶ
988 1734 1196 1789 κεῖνοι
1244 1722 1730 1808 ἀτασθαλίῃσιν
1777 1725 2056 1791 ὄλοντοὲ

465 1824 553 1906 ὧς
596 1823 809 1913 ἔφατ’,
857 1828 1065 1914 αὐτὰρ
1113 1826 1240 1910 ἐγώ
1287 1852 1363 1911 γε
1408 1830 1569 1913 μετὰ
1616 1828 1816 1916 φρεσὶ
1861 1829 2251 1917 μερμήριξα,

375 1935 837 2020 σπασσάμενος
881 1935 1203 2019 τανύηκες
1248 1935 1372 2022 ἄορ
1419 1933 1659 2020 παχέος
1703 1937 1881 2023 παρὰ
1926 1945 2174 2023 μηροῦ,

373 2053 464 2132 τῷ
512 2043 583 2109 οἱ
622 2041 1001 2126 ἀποπλήξας
1044 2043 1345 2127 κεφαλὴν
1390 2041 1680 2106 οὖδάσδε
1724 2045 2048 2110 πελάσσαι
2297 2060 2405 2111 440

373 2148 484 2215 καὶ
526 2156 672 2236 πηῷ
718 2168 840 2234 περ
887 2147 1063 2213 ἐόντι
1109 2148 1283 2230 μάλα
1330 2148 1596 2230 σχεδόν·
1643 2146 1810 2213 ἀλλά
1855 2144 1923 2233 μ’
1975 2147 2225 2235 ἑταῖροι

374 2256 717 2341 μειλιχίοις
763 2250 1065 2319 ἐπέεσσιν
1111 2251 1394 2338 ἐρήτυον
1440 2254 1732 2318 ἄλλοθεν
1777 2254 2004 2331 ἄλλος·

375 2359 723 2447 ,διογενές,
767 2368 1009 2426 τοῦτον
1054 2353 1175 2441 μὲν
1221 2356 1534 2442 ἐάσομεν,
1581 2360 1644 2424 εἰ
1684 2362 1771 2424 σὺ
1815 2360 2135 2444 κελεύεις,

375 2469 583 2534 αὐτοῦ
626 2467 759 2552 πὰρ
804 2467 925 2548 νηί
961 2488 1033 2529 τε
1078 2460 1303 2547 μένειν
1347 2462 1459 2528 καὶ
1502 2472 1632 2548 νῆα
1677 2466 1963 2551 ἔρυσθαι
1978 2485 1994 2501 ·

374 2574 535 2659 ἡμῖν
581 2567 642 2638 δ’
692 2564 1041 2656 ἡγεμόνευ’
1095 2570 1240 2655 ἱερὰ
1284 2570 1451 2655 πρὸς
1497 2570 1766 2654 δώματα
1810 2573 2106 2656 Κίρκηςέ
2294 2589 2399 2640 446

464 2675 554 2756 ὥς
598 2679 885 2765 φάμενοι
930 2676 1107 2761 παρὰ
1151 2676 1314 2760 νηὸς
1361 2675 1598 2760 ἀνήιον
1641 2673 1760 2760 ἠδὲ
1805 2678 2169 2762 θαλάσσης.

378 2783 538 2852 οὐδὲ
584 2782 708 2870 μὲν
751 2784 1140 2870 Εὐρύλοχος
1182 2785 1375 2866 κοίλῃ
1421 2783 1599 2868 παρὰ
1642 2781 1756 2866 νηὶ
1802 2781 2133 2867 λέλειπτο,

378 2887 521 2957 ἀλλ’
575 2885 772 2957 ἕπετ’·
819 2892 1074 2956 ἔδεισεν
1118 2889 1247 2974 γὰρ
1294 2887 1460 2971 ἐμὴν
1506 2890 1835 2970 ἔκπαγλον
1881 2887 2132 2972 ἐνιπήν.

463 3000 681 3084 τόφρα
729 2993 802 3062 δὲ
846 2999 1004 3074 τοὺς
1049 2997 1294 3071 ἄλλους
1340 2993 1614 3080 ἑτάρους
1660 2993 1734 3059 ἐν
1783 2994 2038 3079 δώμασι
2085 2999 2299 3083 Κίρκη

377 3102 701 3181 ἐνδυκέως
747 3102 988 3169 λοῦσέν
1033 3125 1103 3167 τε
1148 3099 1259 3166 καὶ
1304 3103 1565 3187 ἔχρισεν
1612 3095 1746 3164 λίπ’
1799 3100 2028 3189 ἐλαίῳ,
2297 3118 2404 3168 460

378 3208 549 3295 ἀμφὶ
594 3205 655 3275 δ’
706 3210 835 3296 ἄρα
878 3212 1153 3294 χλαίνας
1199 3208 1402 3284 οὔλας
1446 3208 1649 3290 βάλεν
1693 3202 1812 3289 ἠδὲ
1857 3218 2164 3292 χιτῶνας·

379 3314 821 3401 δαινυμένους
867 3310 930 3379 δ’
982 3314 1057 3380 ἐὺ
1102 3314 1354 3391 πάντας
1400 3313 1770 3401 ἐφεύρομεν
1816 3313 1890 3379 ἐν
1934 3315 2338 3400 μεγάροισιν.

380 3422 451 3487 οἰ
491 3417 553 3488 δ’
605 3420 745 3487 ἐπεὶ
790 3421 1117 3505 ἀλλήλους
1163 3415 1350 3486 εἶδον
1395 3421 1782 3506 φράσσαντό
1826 3415 1886 3484 τ’
1937 3418 2207 3505 ἐσάντα,

378 3533 611 3594 κλαῖον
655 3528 1082 3614 ὀδυρόμενοι,
1129 3526 1280 3611 περὶ
1329 3523 1404 3593 δὲ
1451 3529 1862 3611 στεναχίζετο
1910 3527 2114 3611 δῶμα.
