2646 3932
344 186 430 249 96
1105 184 1522 236 οΔΤΣΣΕΙΑΣ
1558 185 1615 235 z.

345 329 509 394 ἄστυ
557 328 635 394 δέ
677 352 790 413 μοι
837 326 1087 411 δεῖξον,
1136 328 1252 404 δὸς
1298 322 1371 391 δὲ
1419 326 1619 412 ῥάκος
1664 324 2189 410 ἀμφιβαλέσθαι,

344 441 413 499 εἴ
447 436 520 499 τί
556 455 689 500 που
735 438 971 518 εἴλυμα
1015 435 1307 519 σπείρων
1353 434 1493 516 ἔχες
1538 426 1771 497 ’ἐνθάδ’
1824 434 2035 497 ίοῦσα.

347 537 456 604 σοὶ
502 535 576 605 δὲ
618 538 773 605 θεοὶ
816 542 979 605 τόσα
1018 539 1233 622 δοῖεν,
1280 537 1405 603 ὅσα
1443 535 1643 622 φρεσὶ
1680 546 1835 622 σῇσι
1871 544 2213 623 μενοινᾷς,
2264 553 2364 601 180

346 645 559 730 ἄνδρα
602 666 672 709 τε
718 641 828 708 καὶ
874 637 1093 725 οἷκον,
1139 641 1252 708 καὶ
1297 640 1778 727 ὁμοφροσύνην
1822 641 2142 707 ὀπάσειαν

346 748 627 833 έσθλήν·
691 750 774 814 οὐ
820 746 944 834 μὲν
987 750 1114 833 γὰρ
1159 758 1281 815 τοῦ
1325 772 1403 831 γε
1447 759 1759 834 κρεῖσσον
1803 746 1915 813 καὶ
1962 749 2189 833 ἄρειον
2199 796 2219 831 ,

346 853 387 938 ἢ
434 850 544 920 ὅθ’
597 854 1087 941 ὁμοφρονέοντε
1130 857 1462 939 νοήμασιν
1507 850 1695 920 οἷκον
1742 856 1976 939 ἔχητον

347 960 516 1046 ἀνὴρ
563 958 680 1044 ἠδὲ
725 964 925 1045 γυνή·
970 955 1159 1027 πόλλ’
1212 962 1414 1044 ἄλγεα
1461 959 1965 1044 δυσμενέεσσιν,

345 1067 642 1153 χάρματα
671 1062 733 1132 δ’
768 1066 1180 1153 εὐμενέτῃσι,
1210 1068 1492 1151 μάλιστα
1520 1064 1600 1132 δέ
1620 1060 1680 1131 τ’
1714 1068 1953 1132 ἔκλυον
1979 1066 2233 1132 αὐτοί.“
2266 1082 2366 1139 181²

434 1174 553 1239 τὸν
599 1168 661 1238 δ’
714 1167 800 1239 αὖ
847 1174 1201 1238 Ναυσικάα
1246 1173 1651 1249 λευκώλενος
1696 1172 1927 1238 ἀντίον
1971 1173 2173 1255 ηὔδα·

349 1273 580 1362 ,,ξεῑ’ν’,
629 1277 768 1343 ἐπεὶ
814 1279 966 1344 οὔτε
1011 1285 1189 1365 κακῷ
1238 1272 1379 1342 οὔτ’
1432 1278 1680 1362 ἄφρονι
1724 1273 1899 1360 φωτὶ
1944 1278 2190 1353 ἔοικας·

350 1385 518 1460 Ζεὺς
564 1376 625 1447 δ’
678 1382 876 1459 αὐτὸς
919 1380 1104 1466 νέμει
1148 1383 1354 1465 ὄλβον
1394 1375 1741 1465 Ὀλύμπιος
1786 1380 2278 1468 ἀνθρώποισιν,

349 1489 620 1566 ἐσθλοῖς
663 1485 783 1571 ἠδὲ
827 1498 1159 1570 κακοῖσιν,
1205 1488 1383 1563 ὅπως
1426 1484 1769 1573 ἐθέλῃσιν,
1816 1485 2064 1576 ἑκάστῳ
2078 1507 2094 1523 ·

347 1596 466 1660 καί
493 1615 626 1660 που
664 1591 773 1658 σοὶ
808 1587 954 1658 τάδ’
996 1593 1229 1675 ἔδωκε,
1267 1588 1344 1657 σὲ
1380 1588 1454 1657 δὲ
1490 1593 1615 1678 χρὴ
1642 1593 1957 1677 τετλάμεν
1984 1594 2218 1677 ἔμπης·
2268 1610 2368 1659 190

347 1710 478 1766 νῦν
523 1694 614 1783 δ’,
661 1697 799 1764 ἐπεὶ
843 1697 1167 1783 ἡμετέρην
1209 1719 1281 1762 τε
1325 1699 1522 1762 πόλιν
1565 1695 1678 1762 καὶ
1721 1708 1919 1780 γαῖαν
1965 1697 2240 1781 ἱκάνεις,

350 1798 491 1870 οὔτ’
543 1799 670 1870 οὖν
715 1802 996 1886 ἐσθῆτος
1043 1803 1354 1886 δευήσεαι
1398 1802 1550 1867 οὔτε
1595 1825 1711 1868 τευ
1758 1804 1996 1886 ἄλλου,

351 1906 447 1978 ὧν
493 1903 732 1994 ἐπέοιχ’
786 1907 1007 1993 ἱκέτην
1050 1910 1477 1994 ταλαπείριον
1523 1908 1942 1975 ἀντιάσαντα.

351 2019 517 2083 ἄστυ
563 2016 643 2083 δέ
680 2040 787 2082 τοι
831 2016 1056 2099 δείξω,
1104 2014 1263 2101 ἐρέω
1313 2014 1394 2080 δέ
1432 2038 1537 2082 τοι
1583 2017 1840 2100 οὕνομα
1884 2021 2081 2080 λαῶν.

357 2126 640 2205 Φαίηκες
683 2118 805 2206 μὲν
847 2123 1047 2204 τήνδε
1091 2124 1289 2186 πόλιν
1333 2118 1446 2186 καὶ
1489 2132 1688 2205 γαῖαν
1733 2123 2031 2206 ἔχουσιν,
2269 2138 2370 2187 195

350 2226 487 2313 είμὶ
532 2223 595 2294 δ’
649 2227 776 2311 ἐγὼ
821 2227 1128 2313 θυγάτηρ
1173 2229 1619 2312 μεγαλήτορος
1655 2221 2050 2309 Ἀλκινόοιο,

349 2343 472 2400 τοῦ
521 2328 582 2399 δ’
634 2332 707 2399 ἐκ
758 2335 1069 2416 Φαιήκων
1113 2335 1328 2416 ἔχεται
1371 2333 1611 2418 κάρτος
1653 2355 1723 2397 τε
1768 2335 1880 2416 βίη
1924 2331 2059 2397 τε.“

438 2434 480 2523 ἦ
528 2439 613 2525 ῥα
665 2436 777 2504 καὶ
802 2439 1299 2523 ἀμφιπόλοισιν
1345 2437 1816 2523 ἐυπλοκάμοισι
1860 2436 2199 2504 κέλευσεν·

354 2544 597 2629 ,,στῆτέ
637 2569 780 2629 μοι,
828 2545 1220 2629 ἀμφίπολοι·
1265 2547 1429 2609 πόσε
1474 2545 1752 2629 φεύγετε
1797 2556 1985 2629 φῶτα
2031 2545 2324 2621 ίδοῦσαι;

352 2645 393 2734 ἦ
439 2651 530 2735 μή
574 2651 708 2714 πού
753 2673 904 2714 τινα
940 2647 1322 2734 δυσμενέων
1358 2643 1572 2733 φάσθ’
1614 2651 1887 2734 ἔμμεναι
1922 2648 2217 2734 ἀνδρῶν;
2266 2665 2370 2713 200

353 2757 478 2841 οὐκ
523 2750 670 2821 ἔσθ’
723 2749 920 2832 οὗτος
965 2754 1133 2839 ἀνὴρ
1183 2754 1402 2839 διερὸς
1444 2756 1712 2839 βροτός,
1760 2749 1922 2819 οὐδὲ
1964 2751 2264 2836 γένηται,

353 2862 427 2940 ὅς
469 2884 586 2927 κεν
636 2862 949 2944 Φαιήκων
995 2860 1261 2946 ἀνδρῶν
1307 2859 1375 2937 ἐς
1418 2871 1616 2943 γαῖαν
1661 2860 1879 2943 ἵκηται

355 2971 667 3052 δηιοτῆτα
711 2966 964 3052 φέρων·
1027 2968 1202 3051 μάλα
1247 2967 1376 3052 γὰρ
1421 2968 1609 3050 φίλοι
1654 2965 2109 3031 ἀθανάτοισιν.

355 3072 657 3157 οἰκέομεν
703 3066 765 3137 δ’
817 3072 1157 3137 ἀπάνευθε
1201 3073 1634 3159 πολυκλύστῳ
1682 3068 1784 3136 ἐνὶ
1826 3072 2046 3158 πόντῳ
2059 3119 2078 3153 ,

353 3183 645 3264 ἔσχατοι,
694 3177 859 3245 οὐδέ
897 3201 999 3255 τις
1042 3179 1206 3263 ἄμμι
1250 3181 1513 3263 βροτῶν
1559 3176 1965 3261 ἐπιμίσγεται
2006 3177 2221 3252 ἄλλος.
2268 3191 2371 3240 205

355 3280 499 3352 ἀλλ’
551 3284 665 3350 ὅδε
710 3307 810 3361 τις
857 3284 1183 3369 δύστηνος
1228 3283 1566 3367 ἀλώμενος
1611 3277 1845 3348 ἐνθάδ’
1899 3283 2139 3364 ἱκάνει,

354 3391 473 3456 τὸν
516 3398 646 3455 νῦν
689 3390 814 3475 χρὴ
858 3387 1150 3474 κομέειν·
1194 3390 1361 3473 πρὸς
1402 3389 1533 3475 γὰρ
1577 3390 1746 3465 Διός
1790 3389 1961 3453 είσιν
2005 3386 2287 3464 ἅπαντες

359 3497 569 3577 ξεῖνοί
605 3520 675 3562 τε
720 3498 974 3580 πτωχοί
1010 3518 1110 3578 τε,
1158 3496 1345 3571 δόσις
1389 3489 1452 3560 δ’
1505 3493 1694 3577 ὀλίγη
1740 3516 1811 3559 τε
1855 3496 2018 3577 φίλη
2062 3515 2151 3558 τε.
