2646 3932
963 188 1377 240 οΔΤΣΣΕΙΑΣ
1414 190 1534 243 vn.
2126 187 2252 252 105

240 329 510 412 ζεφυρίη
556 332 877 395 πνείουσα
921 331 1001 396 τὰ
1047 327 1170 415 μὲν
1212 331 1402 415 φύει,
1449 331 1615 397 ἄλλα
1660 326 1735 396 δὲ
1779 329 2021 396 πέσσει.

239 434 440 517 ὄγχνη
488 429 587 499 ἐπ’
638 436 842 520 ὄγχνῃ
887 437 1231 521 γηράσκει,
1278 441 1492 520 μῆλον
1539 432 1600 501 δ’
1654 433 1760 501 ἐπὶ
1806 438 2022 524 μήλῳ,
2154 453 2252 502 120

240 539 447 624 αὐτὰρ
493 538 599 605 ἐπὶ
645 546 950 627 σταφυλῇ
996 544 1333 625 σταφυλή,
1381 550 1590 607 σῦκον
1635 537 1697 607 δ’
1750 539 1856 607 ἐπὶ
1902 543 2100 629 σύκῳ.

239 647 408 710 ἔνθα
455 644 533 712 δέ
573 646 644 711 οἱ
681 648 1103 733 πολύκαρπος
1148 647 1329 731 ἀλωὴ
1377 646 1743 733 ἐρρίζωται,

237 760 354 834 τῆς
397 750 624 837 ἕτερον
667 748 789 837 μὲν
832 754 1234 819 θειλόπεδον
1279 759 1492 842 λευρῷ
1540 752 1642 820 ἐνὶ
1685 755 1877 842 χώρῳ

237 857 534 943 τέρσεται
578 858 806 946 ἠελίῳ,
854 857 1077 943 ἑτέρας
1122 856 1184 923 δ’
1237 860 1367 944 ἄρα
1410 882 1481 925 τε
1526 862 1930 946 τρυγόωσιν,

240 965 440 1042 ἄλλας
486 960 558 1031 δὲ
603 962 990 1049 τραπέουσι·
1035 965 1321 1049 πάροιθε
1370 963 1449 1030 δέ
1487 959 1545 1029 τ’
1597 964 1889 1050 ὄμφακές
1935 966 2106 1030 εἰσιν
2159 980 2257 1028 125

241 1072 451 1149 ἄνθος
495 1071 821 1155 ἀφιεῖσαι,
869 1068 1085 1155 ἕτεραι
1130 1064 1194 1135 δ’
1244 1071 1831 1156 ὑποπερκάζουσιν.

239 1181 408 1269 ἔνθα
456 1174 528 1243 δὲ
572 1174 894 1261 κοσμηταὶ
937 1174 1211 1261 πρασιαὶ
1256 1178 1434 1261 παρὰ
1478 1180 1744 1243 νείατον
1789 1178 1992 1262 ὄρχον

239 1296 546 1352 παντοῖαι
589 1282 954 1367 πεφύασιν,
1000 1280 1362 1366 ἐπηετανὸν
1406 1285 1759 1365 γανόωσαι.

241 1391 315 1457 ἐν
361 1388 434 1457 δὲ
480 1390 619 1457 δύω
664 1397 903 1474 κρῆναι
946 1387 988 1471 ἡ
1035 1386 1159 1473 μέν
1202 1383 1260 1453 τ’
1312 1388 1442 1453 ἀνὰ
1485 1398 1700 1472 κῆπον
1745 1389 2001 1454 ἅπαντα

242 1499 617 1579 σκίδναται,
661 1494 703 1578 ἡ
753 1489 814 1560 δ’
867 1492 1194 1580 ἑτέρωθεν
1237 1489 1352 1559 ὑπ’
1403 1495 1609 1578 αὐλῆς
1655 1495 1863 1560 οὐδὸν
1906 1495 2091 1577 ἵησιν
2156 1511 2258 1559 130

239 1606 404 1690 πρὸς
449 1604 658 1687 δόμον
701 1600 992 1684 ὑψηλόν,
1038 1600 1204 1666 ὅθεν
1247 1600 1614 1685 ὑδρεύοντο
1659 1605 1939 1666 πολῖται.

241 1706 365 1776 τοῖ’
418 1704 521 1795 ἄρ’
576 1708 649 1774 ἐν
688 1702 1052 1773 Ἀλκινόοιο
1097 1713 1282 1772 θεῶν
1327 1709 1486 1772 ἕσαν
1532 1706 1746 1789 ἀγλαὰ
1791 1708 1990 1792 δῶρα.

228 1839 269 1914 ῃ
329 1820 497 1882 ἔνθα
542 1814 698 1892 στὰς
741 1819 974 1897 θηεῖτο
1018 1813 1348 1889 πολύτλας
1394 1814 1538 1889 δῖος
1576 1807 1943 1889 Ὀδυσσεύς.

241 1924 449 2008 αὐτὰρ
496 1920 635 1988 ἐπεὶ
682 1921 764 2005 δὴ
811 1921 1026 1986 πάντα
1072 1917 1157 2008 ἑῷ
1201 1921 1505 2003 θηήσατο
1549 1924 1771 2008 θυμῷ,

239 2032 662 2115 καρπαλίμως
705 2023 871 2111 ὑπὲρ
919 2025 1127 2092 οὐδὸν
1174 2024 1445 2109 ἐβήσετο
1493 2026 1792 2110 δώματος
1838 2033 2012 2094 εἴσω.
2156 2043 2257 2094 135

242 2132 394 2222 εὗρε
441 2131 515 2200 δὲ
565 2135 878 2217 Φαιήκων
920 2131 1248 2216 ἡγήτορας
1291 2127 1411 2213 ἠδὲ
1456 2129 1777 2215 μέδοντας

243 2240 647 2315 σπένδοντας
692 2239 1046 2303 δεπάεσσιν
1091 2236 1393 2324 ἐυσκόπῳ
1441 2236 1875 2324 ἀργεϊφόντῃ,

244 2340 294 2437 ᾧ
341 2346 614 2433 πυμάτῳ
662 2342 1096 2425 σπένδεσκον,
1143 2341 1250 2407 ὅτε
1296 2347 1662 2426 μνησαίατο
1708 2347 1952 2410 κοίτου.

242 2454 450 2539 αὐτὰρ
497 2451 534 2518 ὁ
579 2454 663 2535 βῆ
712 2450 822 2516 διὰ
869 2450 1056 2533 δῶμα
1100 2448 1431 2525 πολύτλας
1476 2449 1620 2526 δῖος
1659 2444 2010 2528 Ὀδυσσεὺς

241 2560 495 2643 πολλὴν
540 2551 680 2641 ἠέρ’
731 2559 930 2641 ἔχων,
975 2554 1061 2637 ἤν
1107 2554 1178 2619 οἱ
1216 2557 1561 2641 περίχευεν
1600 2549 1879 2640 Ἀθήνη,
2158 2575 2257 2626 140

242 2660 397 2750 ὄφρ’
448 2658 605 2729 ἵκετ’
653 2657 928 2747 Ἀρήτην
971 2683 1041 2726 τε
1087 2658 1197 2725 καὶ
1237 2654 1579 2726 Ἀλκίνοον
1623 2664 1923 2746 βασιλῆα.

242 2769 412 2855 ἀμφὶ
458 2764 520 2835 δ’
572 2762 679 2855 ἄρ’
724 2762 995 2852 Ἀρήτης
1038 2768 1199 2850 βάλε
1243 2766 1526 2849 γούνασι
1569 2778 1792 2853 χεῖρας
1833 2764 2211 2856 Ὀδυσσεύς,

242 2874 351 2941 καὶ
394 2878 541 2942 τότε
588 2876 671 2958 δή
718 2869 780 2961 ῤ’
832 2874 1061 2939 αὐτοῖο
1106 2874 1307 2939 πάλιν
1352 2874 1512 2957 χύτο
1558 2873 1916 2958 θέσφατος·
1940 2875 2085 2961 ἀήρ.

245 2983 315 3046 οἱ
356 2976 416 3046 δ’
469 2982 639 3068 ἄνεῳ
687 2978 1025 3062 ἐγένοντο,
1074 2981 1283 3063 δόμον
1328 2979 1493 3044 κάτα
1539 2991 1727 3063 φῶτα
1773 2981 2053 3059 ἰδόντες·

242 3087 586 3171 θαύμαζον
620 3080 684 3153 δ’
728 3085 1066 3171 ὁρόωντες.
1141 3084 1179 3152 ὁ
1216 3081 1290 3150 δὲ
1329 3086 1672 3151 λιτάνευεν
1703 3080 2080 3164 Ὀδυσσεύς·
2158 3104 2255 3154 145

244 3186 544 3278 ,,Ἀρήτη,
587 3192 881 3285 θύγατερ
916 3189 1304 3278 Ῥηξήνορος
1351 3191 1719 3275 ἀντιθέοιο,

242 3300 365 3363 σόν
407 3321 476 3363 τε
521 3300 720 3364 πόσιν
763 3298 850 3364 σά
892 3321 964 3364 τε
1006 3292 1293 3382 γούναθ’
1350 3298 1553 3363 ἱκάνω
1597 3299 1809 3364 πολλὰ
1853 3303 2145 3383 μογήσας

239 3404 477 3470 τούσδε
523 3426 591 3468 τε
638 3404 1063 3488 δαιτυμόνας·
1108 3414 1325 3468 τοῖσιν
1368 3402 1522 3470 θεοὶ
1569 3405 1759 3487 ὄλβια
1805 3404 2026 3501 δοῖεν“

239 3508 579 3594 ζωέμεναι,
625 3508 735 3576 καὶ
778 3508 1010 3576 παισὶν
1055 3509 1461 3594 ἐπιτρέψειεν
1505 3508 1775 3587 ἕκαστος
