<?xml version="1.0" encoding="UTF-8"?>
<!DOCTYPE html PUBLIC "-//W3C//DTD XHTML 1.0 Transitional//EN"
    "http://www.w3.org/TR/xhtml1/DTD/xhtml1-transitional.dtd">
<html xmlns="http://www.w3.org/1999/xhtml" xml:lang="en" lang="en">
 <head>
  <title>
</title>
<meta http-equiv="Content-Type" content="text/html;charset=utf-8" />
  <meta name='ocr-system' content='tesseract 3.04.00' />
  <meta name='ocr-capabilities' content='ocr_page ocr_carea ocr_par ocr_line ocrx_word'/>
</head>
<body>
  <div class='ocr_page' id='page_1' title='image "./homeriodyssea00wolfgoog_0165.png"; bbox 0 0 2646 3932; ppageno 0'>
   <div class='ocr_carea' id='block_1_1' title="bbox 1011 139 2281 217">
    <p class='ocr_par' dir='ltr' id='par_1_1' title="bbox 1011 139 2281 217">
     <span class='ocr_line' id='line_1_1' title="bbox 1011 139 2281 217; baseline 0.011 -25"><span class='ocrx_word' id='word_1_1' title='bbox 1011 139 1427 192; x_wconf 74' lang='grc' dir='ltr'><strong>οΔΤΣΣΕΙΑΣ</strong></span> <span class='ocrx_word' id='word_1_2' title='bbox 1461 143 1556 196; x_wconf 74' lang='grc' dir='ltr'><strong><em>ΙΧ.</em></strong></span> <span class='ocrx_word' id='word_1_3' title='bbox 2139 141 2281 217; x_wconf 56' lang='grc'><strong><em>7137</em></strong></span> 
     </span>
    </p>
   </div>
   <div class='ocr_carea' id='block_1_2' title="bbox 260 279 2283 3549">
    <p class='ocr_par' dir='ltr' id='par_1_2' title="bbox 264 279 2283 1745">
     <span class='ocr_line' id='line_1_2' title="bbox 270 279 1846 370; baseline 0.002 -23"><span class='ocrx_word' id='word_1_4' title='bbox 270 282 352 348; x_wconf 88' lang='grc' dir='ltr'><strong><em>οὐ</em></strong></span> <span class='ocrx_word' id='word_1_5' title='bbox 395 282 523 368; x_wconf 89' lang='grc' dir='ltr'><strong><em>γάρ</em></strong></span> <span class='ocrx_word' id='word_1_6' title='bbox 567 302 669 347; x_wconf 88' lang='grc' dir='ltr'><strong><em>πω</em></strong></span> <span class='ocrx_word' id='word_1_7' title='bbox 713 292 897 366; x_wconf 83' lang='grc' dir='ltr'><strong><em>νηῶν</em></strong></span> <span class='ocrx_word' id='word_1_8' title='bbox 941 280 1250 367; x_wconf 77' lang='grc' dir='ltr'><strong><em>ἐξέφθιτο</em></strong></span> <span class='ocrx_word' id='word_1_9' title='bbox 1295 279 1480 361; x_wconf 81' lang='grc' dir='ltr'><strong><em>οἶνος</em></strong></span> <span class='ocrx_word' id='word_1_10' title='bbox 1526 282 1846 370; x_wconf 88' lang='grc' dir='ltr'><strong><em>ἐρυθρός,</em></strong></span> 
     </span>
     <span class='ocr_line' id='line_1_3' title="bbox 269 384 2122 475; baseline 0.002 -23"><span class='ocrx_word' id='word_1_11' title='bbox 269 384 411 453; x_wconf 90' lang='grc' dir='ltr'><strong><em>ἀλλ’</em></strong></span> <span class='ocrx_word' id='word_1_12' title='bbox 463 384 683 471; x_wconf 80' lang='grc' dir='ltr'><strong><em>ἐνέην·</em></strong></span> <span class='ocrx_word' id='word_1_13' title='bbox 727 388 978 453; x_wconf 88' lang='grc' dir='ltr'><strong><em>πολλὸν</em></strong></span> <span class='ocrx_word' id='word_1_14' title='bbox 1022 390 1149 475; x_wconf 77' lang='grc' dir='ltr'><strong><em>γὰρ</em></strong></span> <span class='ocrx_word' id='word_1_15' title='bbox 1195 388 1270 455; x_wconf 90' lang='grc' dir='ltr'><strong><em>ἐν</em></strong></span> <span class='ocrx_word' id='word_1_16' title='bbox 1314 388 1815 475; x_wconf 79' lang='grc' dir='ltr'><strong><em>ἀμφιφορεῦσιν</em></strong></span> <span class='ocrx_word' id='word_1_17' title='bbox 1859 389 2122 456; x_wconf 79' lang='grc' dir='ltr'><strong><em>ἕκαστοι</em></strong></span> 
     </span>
     <span class='ocr_line' id='line_1_4' title="bbox 268 493 2282 581; baseline 0.002 -24"><span class='ocrx_word' id='word_1_18' title='bbox 268 493 616 578; x_wconf 79' lang='grc' dir='ltr'><strong><em>ἠφύσαμεν</em></strong></span> <span class='ocrx_word' id='word_1_19' title='bbox 659 494 968 558; x_wconf 83' lang='grc' dir='ltr'><strong><em>Κικόνων</em></strong></span> <span class='ocrx_word' id='word_1_20' title='bbox 1014 494 1195 580; x_wconf 73' lang='grc' dir='ltr'><strong><em>ἱερὸν</em></strong></span> <span class='ocrx_word' id='word_1_21' title='bbox 1240 497 1643 581; x_wconf 79' lang='grc' dir='ltr'><strong><em>πτολίεθρον</em></strong></span> <span class='ocrx_word' id='word_1_22' title='bbox 1688 495 1962 573; x_wconf 77' lang='grc' dir='ltr'><strong><em>ἑλόντες.</em></strong></span> <span class='ocrx_word' id='word_1_23' title='bbox 2183 510 2282 563; x_wconf 78' lang='grc'><strong><em>165</em></strong></span> 
     </span>
     <span class='ocr_line' id='line_1_5' title="bbox 268 595 2129 686; baseline 0.003 -23"><span class='ocrx_word' id='word_1_24' title='bbox 268 599 655 664; x_wconf 80' lang='grc' dir='ltr'><strong><em>Κυκλώπων</em></strong></span> <span class='ocrx_word' id='word_1_25' title='bbox 701 595 762 663; x_wconf 88' lang='grc' dir='ltr'><strong><em>δ’</em></strong></span> <span class='ocrx_word' id='word_1_26' title='bbox 815 597 882 675; x_wconf 89' lang='grc' dir='ltr'><strong><em>ἐς</em></strong></span> <span class='ocrx_word' id='word_1_27' title='bbox 924 610 1123 681; x_wconf 87' lang='grc' dir='ltr'><strong><em>γαῖαν</em></strong></span> <span class='ocrx_word' id='word_1_28' title='bbox 1168 600 1567 686; x_wconf 79' lang='grc' dir='ltr'><strong><em>ἐλεύσσομεν</em></strong></span> <span class='ocrx_word' id='word_1_29' title='bbox 1612 600 1808 685; x_wconf 85' lang='grc' dir='ltr'><strong><em>ἐγγὺς</em></strong></span> <span class='ocrx_word' id='word_1_30' title='bbox 1852 601 2129 685; x_wconf 87' lang='grc' dir='ltr'><strong><em>ἐόντων,</em></strong></span> 
     </span>
     <span class='ocr_line' id='line_1_6' title="bbox 266 701 2120 790; baseline 0.001 -21"><span class='ocrx_word' id='word_1_31' title='bbox 266 706 521 770; x_wconf 89' lang='grc' dir='ltr'><strong><em>καπνόν</em></strong></span> <span class='ocrx_word' id='word_1_32' title='bbox 563 701 621 769; x_wconf 90' lang='grc' dir='ltr'><strong><em>τ’</em></strong></span> <span class='ocrx_word' id='word_1_33' title='bbox 674 703 895 769; x_wconf 81' lang='grc' dir='ltr'><strong><em>αὐτῶν</em></strong></span> <span class='ocrx_word' id='word_1_34' title='bbox 938 727 1010 770; x_wconf 90' lang='grc' dir='ltr'><strong><em>τε</em></strong></span> <span class='ocrx_word' id='word_1_35' title='bbox 1056 706 1373 790; x_wconf 85' lang='grc' dir='ltr'><strong><em>φθογγὴν</em></strong></span> <span class='ocrx_word' id='word_1_36' title='bbox 1418 706 1581 772; x_wconf 87' lang='grc' dir='ltr'><strong><em>ὀίων</em></strong></span> <span class='ocrx_word' id='word_1_37' title='bbox 1624 731 1694 774; x_wconf 91' lang='grc' dir='ltr'><strong><em>τε</em></strong></span> <span class='ocrx_word' id='word_1_38' title='bbox 1738 706 1851 775; x_wconf 88' lang='grc' dir='ltr'><strong><em>καὶ</em></strong></span> <span class='ocrx_word' id='word_1_39' title='bbox 1895 710 2120 790; x_wconf 80' lang='grc' dir='ltr'><strong><em>αἰγῶν.</em></strong></span> 
     </span>
     <span class='ocr_line' id='line_1_7' title="bbox 266 805 1973 899; baseline 0.003 -24"><span class='ocrx_word' id='word_1_40' title='bbox 266 805 432 894; x_wconf 77' lang='grc' dir='ltr'><strong><em>ἦμος</em></strong></span> <span class='ocrx_word' id='word_1_41' title='bbox 477 806 539 876; x_wconf 86' lang='grc' dir='ltr'><strong><em>δ’</em></strong></span> <span class='ocrx_word' id='word_1_42' title='bbox 588 808 808 894; x_wconf 81' lang='grc' dir='ltr'><strong><em>ἠέλιος</em></strong></span> <span class='ocrx_word' id='word_1_43' title='bbox 849 809 1090 877; x_wconf 78' lang='grc' dir='ltr'><strong><em>κατέδυ</em></strong></span> <span class='ocrx_word' id='word_1_44' title='bbox 1132 809 1244 877; x_wconf 85' lang='grc' dir='ltr'><strong><em>καὶ</em></strong></span> <span class='ocrx_word' id='word_1_45' title='bbox 1287 811 1396 878; x_wconf 86' lang='grc' dir='ltr'><strong><em>ἐπὶ</em></strong></span> <span class='ocrx_word' id='word_1_46' title='bbox 1438 811 1687 899; x_wconf 78' lang='grc' dir='ltr'><strong><em>κνέφας</em></strong></span> <span class='ocrx_word' id='word_1_47' title='bbox 1730 808 1973 898; x_wconf 79' lang='grc' dir='ltr'><strong><em>ἦλθεν,</em></strong></span> 
     </span>
     <span class='ocr_line' id='line_1_8' title="bbox 268 915 1873 1004; baseline 0.002 -23"><span class='ocrx_word' id='word_1_48' title='bbox 268 916 351 999; x_wconf 86' lang='grc' dir='ltr'><strong><em>δὴ</em></strong></span> <span class='ocrx_word' id='word_1_49' title='bbox 396 919 540 982; x_wconf 90' lang='grc' dir='ltr'><strong><em>τότε</em></strong></span> <span class='ocrx_word' id='word_1_50' title='bbox 584 919 1001 1001; x_wconf 73' lang='grc' dir='ltr'><strong><em>κοιμήθημεν</em></strong></span> <span class='ocrx_word' id='word_1_51' title='bbox 1046 915 1155 983; x_wconf 86' lang='grc' dir='ltr'><strong><em>ἐπὶ</em></strong></span> <span class='ocrx_word' id='word_1_52' title='bbox 1201 918 1472 1004; x_wconf 75' lang='grc' dir='ltr'><strong><em>ῥηγμῖνι</em></strong></span> <span class='ocrx_word' id='word_1_53' title='bbox 1514 920 1873 1003; x_wconf 78' lang='grc' dir='ltr'><strong><em>θαλάσσης.</em></strong></span> 
     </span>
     <span class='ocr_line' id='line_1_9' title="bbox 266 1016 2283 1110; baseline 0.001 -23"><span class='ocrx_word' id='word_1_54' title='bbox 266 1016 431 1107; x_wconf 87' lang='grc' dir='ltr'><strong><em>ἦμος</em></strong></span> <span class='ocrx_word' id='word_1_55' title='bbox 475 1019 536 1088; x_wconf 85' lang='grc' dir='ltr'><strong><em>δ’</em></strong></span> <span class='ocrx_word' id='word_1_56' title='bbox 587 1020 922 1109; x_wconf 77' lang='grc' dir='ltr'><strong><em>ἠριγένεια</em></strong></span> <span class='ocrx_word' id='word_1_57' title='bbox 967 1023 1148 1108; x_wconf 91' lang='grc' dir='ltr'><strong><em>φάνη</em></strong></span> <span class='ocrx_word' id='word_1_58' title='bbox 1195 1024 1683 1110; x_wconf 75' lang='grc' dir='ltr'><strong><em>ῥοδοδάκτυλος</em></strong></span> <span class='ocrx_word' id='word_1_59' title='bbox 1722 1022 1922 1109; x_wconf 90' lang='grc' dir='ltr'><strong><em>Ἠώς,</em></strong></span> <span class='ocrx_word' id='word_1_60' title='bbox 2180 1040 2283 1089; x_wconf 78' lang='grc'><strong><em>170</em></strong></span> 
     </span>
     <span class='ocr_line' id='line_1_10' title="bbox 266 1124 2148 1215; baseline 0.002 -22"><span class='ocrx_word' id='word_1_61' title='bbox 266 1125 377 1193; x_wconf 85' lang='grc' dir='ltr'><strong><em>καὶ</em></strong></span> <span class='ocrx_word' id='word_1_62' title='bbox 418 1124 552 1193; x_wconf 90' lang='grc' dir='ltr'><strong><em>τότ’</em></strong></span> <span class='ocrx_word' id='word_1_63' title='bbox 605 1127 776 1212; x_wconf 78' lang='grc' dir='ltr'><strong><em>ἐγὼν</em></strong></span> <span class='ocrx_word' id='word_1_64' title='bbox 822 1128 1075 1214; x_wconf 80' lang='grc' dir='ltr'><strong><em>ἀγορὴν</em></strong></span> <span class='ocrx_word' id='word_1_65' title='bbox 1117 1127 1403 1215; x_wconf 85' lang='grc' dir='ltr'><strong><em>θέμενος</em></strong></span> <span class='ocrx_word' id='word_1_66' title='bbox 1447 1132 1608 1215; x_wconf 77' lang='grc' dir='ltr'><strong><em>μετὰ</em></strong></span> <span class='ocrx_word' id='word_1_67' title='bbox 1651 1141 1854 1196; x_wconf 83' lang='grc' dir='ltr'><strong><em>πᾶσιν</em></strong></span> <span class='ocrx_word' id='word_1_68' title='bbox 1898 1132 2148 1196; x_wconf 72' lang='grc' dir='ltr'><strong><em>ἔειπον·</em></strong></span> 
     </span>
     <span class='ocr_line' id='line_1_11' title="bbox 267 1231 1988 1324; baseline 0.001 -25"><span class='ocrx_word' id='word_1_69' title='bbox 267 1235 500 1317; x_wconf 61' lang='grc' dir='ltr'><strong><em>»ἄλλοι</em></strong></span> <span class='ocrx_word' id='word_1_70' title='bbox 543 1231 666 1320; x_wconf 69' lang='grc' dir='ltr'><strong><em>μὲν</em></strong></span> <span class='ocrx_word' id='word_1_71' title='bbox 709 1243 839 1300; x_wconf 86' lang='grc' dir='ltr'><strong><em>νῦν</em></strong></span> <span class='ocrx_word' id='word_1_72' title='bbox 888 1233 1170 1320; x_wconf 85' lang='grc' dir='ltr'><strong><em>μίμνετ’,</em></strong></span> <span class='ocrx_word' id='word_1_73' title='bbox 1216 1235 1363 1321; x_wconf 85' lang='grc' dir='ltr'><strong><em>ἐμοὶ</em></strong></span> <span class='ocrx_word' id='word_1_74' title='bbox 1409 1235 1664 1323; x_wconf 87' lang='grc' dir='ltr'><strong><em>ἐρίηρες</em></strong></span> <span class='ocrx_word' id='word_1_75' title='bbox 1710 1236 1988 1324; x_wconf 79' lang='grc' dir='ltr'><strong><em>ἑταῖροι·</em></strong></span> 
     </span>
     <span class='ocr_line' id='line_1_12' title="bbox 266 1338 2014 1430; baseline 0.001 -25"><span class='ocrx_word' id='word_1_76' title='bbox 266 1339 474 1426; x_wconf 80' lang='grc' dir='ltr'><strong><em>αὐτὰρ</em></strong></span> <span class='ocrx_word' id='word_1_77' title='bbox 519 1339 646 1424; x_wconf 81' lang='grc' dir='ltr'><strong><em>ἐγὼ</em></strong></span> <span class='ocrx_word' id='word_1_78' title='bbox 692 1344 821 1406; x_wconf 87' lang='grc' dir='ltr'><strong><em>σὺν</em></strong></span> <span class='ocrx_word' id='word_1_79' title='bbox 864 1344 984 1424; x_wconf 91' lang='grc' dir='ltr'><strong><em>νηί</em></strong></span> <span class='ocrx_word' id='word_1_80' title='bbox 1021 1338 1080 1406; x_wconf 91' lang='grc' dir='ltr'><strong><em>τ’</em></strong></span> <span class='ocrx_word' id='word_1_81' title='bbox 1133 1341 1255 1428; x_wconf 82' lang='grc' dir='ltr'><strong><em>ἐμῇ</em></strong></span> <span class='ocrx_word' id='word_1_82' title='bbox 1298 1340 1411 1408; x_wconf 85' lang='grc' dir='ltr'><strong><em>καὶ</em></strong></span> <span class='ocrx_word' id='word_1_83' title='bbox 1456 1341 1637 1428; x_wconf 87' lang='grc' dir='ltr'><strong><em>ἐμοῖς</em></strong></span> <span class='ocrx_word' id='word_1_84' title='bbox 1682 1341 2014 1430; x_wconf 75' lang='grc' dir='ltr'><strong><em>ἑτάροισιν</em></strong></span> 
     </span>
     <span class='ocr_line' id='line_1_13' title="bbox 266 1443 2092 1535; baseline 0.001 -23"><span class='ocrx_word' id='word_1_85' title='bbox 266 1446 486 1512; x_wconf 79' lang='grc' dir='ltr'><strong><em>ἐλθὼν</em></strong></span> <span class='ocrx_word' id='word_1_86' title='bbox 528 1443 726 1512; x_wconf 80' lang='grc' dir='ltr'><strong><em>τῶνδ’</em></strong></span> <span class='ocrx_word' id='word_1_87' title='bbox 780 1446 1047 1533; x_wconf 82' lang='grc' dir='ltr'><strong><em>ἀνδρῶν</em></strong></span> <span class='ocrx_word' id='word_1_88' title='bbox 1089 1451 1515 1535; x_wconf 87' lang='grc' dir='ltr'><strong><em>πειρήσομαι,</em></strong></span> <span class='ocrx_word' id='word_1_89' title='bbox 1563 1449 1635 1514; x_wconf 79' lang='grc' dir='ltr'><strong><em>οἵ</em></strong></span> <span class='ocrx_word' id='word_1_90' title='bbox 1671 1447 1848 1528; x_wconf 86' lang='grc' dir='ltr'><strong><em>τινές</em></strong></span> <span class='ocrx_word' id='word_1_91' title='bbox 1891 1451 2092 1532; x_wconf 82' lang='grc' dir='ltr'><strong><em>εἰσιν,</em></strong></span> 
     </span>
     <span class='ocr_line' id='line_1_14' title="bbox 264 1549 2279 1641; baseline 0 -23"><span class='ocrx_word' id='word_1_92' title='bbox 264 1552 307 1635; x_wconf 81' lang='grc' dir='ltr'><strong><em>ἥ</em></strong></span> <span class='ocrx_word' id='word_1_93' title='bbox 353 1549 416 1639; x_wconf 87' lang='grc' dir='ltr'><strong><em>ῥ’</em></strong></span> <span class='ocrx_word' id='word_1_94' title='bbox 468 1553 540 1618; x_wconf 83' lang='grc' dir='ltr'><strong><em>οἵ</em></strong></span> <span class='ocrx_word' id='word_1_95' title='bbox 578 1549 641 1637; x_wconf 88' lang='grc' dir='ltr'><strong><em>γ’</em></strong></span> <span class='ocrx_word' id='word_1_96' title='bbox 693 1552 1008 1639; x_wconf 89' lang='grc' dir='ltr'><strong><em>ὑβρισταί</em></strong></span> <span class='ocrx_word' id='word_1_97' title='bbox 1043 1577 1114 1620; x_wconf 90' lang='grc' dir='ltr'><strong><em>τε</em></strong></span> <span class='ocrx_word' id='word_1_98' title='bbox 1159 1553 1271 1620; x_wconf 84' lang='grc' dir='ltr'><strong><em>καὶ</em></strong></span> <span class='ocrx_word' id='word_1_99' title='bbox 1315 1556 1539 1641; x_wconf 80' lang='grc' dir='ltr'><strong><em>ἄγριοι</em></strong></span> <span class='ocrx_word' id='word_1_100' title='bbox 1584 1551 1743 1621; x_wconf 70' lang='grc' dir='ltr'><strong><em>οὐδὲ</em></strong></span> <span class='ocrx_word' id='word_1_101' title='bbox 1790 1556 2065 1637; x_wconf 88' lang='grc' dir='ltr'><strong><em>δίκαιοι,</em></strong></span> <span class='ocrx_word' id='word_1_102' title='bbox 2179 1570 2279 1619; x_wconf 76' lang='grc'><strong><em>175</em></strong></span> 
     </span>
     <span class='ocr_line' id='line_1_15' title="bbox 264 1654 1934 1745; baseline 0.001 -21"><span class='ocrx_word' id='word_1_103' title='bbox 264 1654 339 1742; x_wconf 79' lang='grc' dir='ltr'><strong><em>ἦε</em></strong></span> <span class='ocrx_word' id='word_1_104' title='bbox 385 1658 778 1744; x_wconf 83' lang='grc' dir='ltr'><strong><em>φιλόξεινοι,</em></strong></span> <span class='ocrx_word' id='word_1_105' title='bbox 823 1662 942 1725; x_wconf 92' lang='grc' dir='ltr'><strong><em>καί</em></strong></span> <span class='ocrx_word' id='word_1_106' title='bbox 980 1676 1146 1744; x_wconf 92' lang='grc' dir='ltr'><strong><em>σφιν</em></strong></span> <span class='ocrx_word' id='word_1_107' title='bbox 1190 1664 1349 1738; x_wconf 93' lang='grc' dir='ltr'><strong><em>νόος</em></strong></span> <span class='ocrx_word' id='word_1_108' title='bbox 1394 1658 1534 1727; x_wconf 87' lang='grc' dir='ltr'><strong><em>ἐστὶ</em></strong></span> <span class='ocrx_word' id='word_1_109' title='bbox 1578 1662 1934 1745; x_wconf 87' lang='grc' dir='ltr'><strong><em>θεουδής.“</em></strong></span> 
     </span>
    </p>

    <p class='ocr_par' dir='ltr' id='par_1_3' title="bbox 260 1759 2278 3441">
     <span class='ocr_line' id='line_1_16' title="bbox 353 1759 2120 1852; baseline 0.001 -21"><span class='ocrx_word' id='word_1_110' title='bbox 353 1759 443 1842; x_wconf 79' lang='grc' dir='ltr'><strong><em>ὧς</em></strong></span> <span class='ocrx_word' id='word_1_111' title='bbox 485 1766 690 1831; x_wconf 79' lang='grc' dir='ltr'><strong><em>εἰπὼν</em></strong></span> <span class='ocrx_word' id='word_1_112' title='bbox 736 1764 863 1830; x_wconf 82' lang='grc' dir='ltr'><strong><em>ἀνά</em></strong></span> <span class='ocrx_word' id='word_1_113' title='bbox 905 1766 1068 1849; x_wconf 89' lang='grc' dir='ltr'><strong><em>νηὸς</em></strong></span> <span class='ocrx_word' id='word_1_114' title='bbox 1112 1768 1304 1851; x_wconf 78' lang='grc' dir='ltr'><strong><em>ἔβην,</em></strong></span> <span class='ocrx_word' id='word_1_115' title='bbox 1351 1764 1659 1833; x_wconf 89' lang='grc' dir='ltr'><strong><em>ἐκέλευσα</em></strong></span> <span class='ocrx_word' id='word_1_116' title='bbox 1705 1764 1768 1833; x_wconf 87' lang='grc' dir='ltr'><strong><em>δ’</em></strong></span> <span class='ocrx_word' id='word_1_117' title='bbox 1821 1764 2120 1852; x_wconf 75' lang='grc' dir='ltr'><strong><em>ἑταίρους</em></strong></span> 
     </span>
     <span class='ocr_line' id='line_1_17' title="bbox 266 1868 1977 1958; baseline 0.001 -21"><span class='ocrx_word' id='word_1_118' title='bbox 266 1870 507 1949; x_wconf 83' lang='grc' dir='ltr'><strong><em>αὐτούς</em></strong></span> <span class='ocrx_word' id='word_1_119' title='bbox 550 1868 608 1936; x_wconf 91' lang='grc' dir='ltr'><strong><em>τ’</em></strong></span> <span class='ocrx_word' id='word_1_120' title='bbox 662 1871 1007 1956; x_wconf 81' lang='grc' dir='ltr'><strong><em>ἀμβαίνειν</em></strong></span> <span class='ocrx_word' id='word_1_121' title='bbox 1052 1870 1180 1936; x_wconf 93' lang='grc' dir='ltr'><strong><em>ἀνά</em></strong></span> <span class='ocrx_word' id='word_1_122' title='bbox 1223 1895 1292 1937; x_wconf 92' lang='grc' dir='ltr'><strong><em>τε</em></strong></span> <span class='ocrx_word' id='word_1_123' title='bbox 1338 1875 1721 1958; x_wconf 86' lang='grc' dir='ltr'><strong><em>πρυμνήσια</em></strong></span> <span class='ocrx_word' id='word_1_124' title='bbox 1765 1877 1977 1938; x_wconf 87' lang='grc' dir='ltr'><strong><em>λῦσαι.</em></strong></span> 
     </span>
     <span class='ocr_line' id='line_1_18' title="bbox 266 1974 1948 2064; baseline 0.001 -21"><span class='ocrx_word' id='word_1_125' title='bbox 266 1978 337 2043; x_wconf 74' lang='grc' dir='ltr'><strong><em>οἱ</em></strong></span> <span class='ocrx_word' id='word_1_126' title='bbox 350 2047 357 2052; x_wconf 75' lang='grc'><strong><em>,</em></strong></span> <span class='ocrx_word' id='word_1_127' title='bbox 376 1975 437 2043; x_wconf 88' lang='grc' dir='ltr'><strong><em>δ’</em></strong></span> <span class='ocrx_word' id='word_1_128' title='bbox 490 1974 631 2057; x_wconf 84' lang='grc' dir='ltr'><strong><em>αἶψ’</em></strong></span> <span class='ocrx_word' id='word_1_129' title='bbox 684 1980 1024 2061; x_wconf 75' lang='grc' dir='ltr'><strong><em>εἴσβαινον</em></strong></span> <span class='ocrx_word' id='word_1_130' title='bbox 1068 1976 1180 2043; x_wconf 88' lang='grc' dir='ltr'><strong><em>καὶ</em></strong></span> <span class='ocrx_word' id='word_1_131' title='bbox 1224 1977 1332 2044; x_wconf 87' lang='grc' dir='ltr'><strong><em>ἐπὶ</em></strong></span> <span class='ocrx_word' id='word_1_132' title='bbox 1376 1984 1597 2064; x_wconf 87' lang='grc' dir='ltr'><strong><em>κληῖσι</em></strong></span> <span class='ocrx_word' id='word_1_133' title='bbox 1642 1983 1948 2064; x_wconf 80' lang='grc' dir='ltr'><strong><em>καθῖζον,</em></strong></span> 
     </span>
     <span class='ocr_line' id='line_1_19' title="bbox 266 2081 2278 2170; baseline 0.001 -21"><span class='ocrx_word' id='word_1_134' title='bbox 266 2082 410 2168; x_wconf 82' lang='grc' dir='ltr'><strong><em>ἑξῆς</em></strong></span> <span class='ocrx_word' id='word_1_135' title='bbox 456 2081 516 2151; x_wconf 87' lang='grc' dir='ltr'><strong><em>δ’</em></strong></span> <span class='ocrx_word' id='word_1_136' title='bbox 569 2083 862 2169; x_wconf 79' lang='grc' dir='ltr'><strong><em>ἑζόμενοι</em></strong></span> <span class='ocrx_word' id='word_1_137' title='bbox 906 2083 1149 2167; x_wconf 83' lang='grc' dir='ltr'><strong><em>πολιὴν</em></strong></span> <span class='ocrx_word' id='word_1_138' title='bbox 1194 2085 1319 2149; x_wconf 78' lang='grc' dir='ltr'><strong><em>ἅλα</em></strong></span> <span class='ocrx_word' id='word_1_139' title='bbox 1363 2086 1612 2151; x_wconf 90' lang='grc' dir='ltr'><strong><em>τύπτον</em></strong></span> <span class='ocrx_word' id='word_1_140' title='bbox 1657 2084 1966 2170; x_wconf 80' lang='grc' dir='ltr'><strong><em>ἐρετμοῖς.</em></strong></span> <span class='ocrx_word' id='word_1_141' title='bbox 2177 2102 2278 2152; x_wconf 83' lang='grc'><strong><em>180</em></strong></span> 
     </span>
     <span class='ocr_line' id='line_1_20' title="bbox 264 2187 2041 2276; baseline 0.001 -21"><span class='ocrx_word' id='word_1_142' title='bbox 264 2187 406 2256; x_wconf 90' lang='grc' dir='ltr'><strong><em>ἀλλ’</em></strong></span> <span class='ocrx_word' id='word_1_143' title='bbox 459 2189 565 2255; x_wconf 81' lang='grc' dir='ltr'><strong><em>ὅτε</em></strong></span> <span class='ocrx_word' id='word_1_144' title='bbox 613 2190 695 2274; x_wconf 83' lang='grc' dir='ltr'><strong><em>δὴ</em></strong></span> <span class='ocrx_word' id='word_1_145' title='bbox 741 2191 861 2255; x_wconf 88' lang='grc' dir='ltr'><strong><em>τὸν</em></strong></span> <span class='ocrx_word' id='word_1_146' title='bbox 904 2199 1124 2276; x_wconf 79' lang='grc' dir='ltr'><strong><em>χῶρον</em></strong></span> <span class='ocrx_word' id='word_1_147' title='bbox 1170 2187 1525 2275; x_wconf 86' lang='grc' dir='ltr'><strong><em>ἀφικόμεθ’</em></strong></span> <span class='ocrx_word' id='word_1_148' title='bbox 1578 2189 1775 2274; x_wconf 83' lang='grc' dir='ltr'><strong><em>ἐγγὺς</em></strong></span> <span class='ocrx_word' id='word_1_149' title='bbox 1819 2190 2041 2275; x_wconf 87' lang='grc' dir='ltr'><strong><em>ἐόντα,</em></strong></span> 
     </span>
     <span class='ocr_line' id='line_1_21' title="bbox 264 2293 2149 2384; baseline 0.002 -23"><span class='ocrx_word' id='word_1_150' title='bbox 264 2299 433 2362; x_wconf 84' lang='grc' dir='ltr'><strong><em>ἔνθα</em></strong></span> <span class='ocrx_word' id='word_1_151' title='bbox 480 2293 540 2361; x_wconf 87' lang='grc' dir='ltr'><strong><em>δ’</em></strong></span> <span class='ocrx_word' id='word_1_152' title='bbox 593 2293 692 2361; x_wconf 88' lang='grc' dir='ltr'><strong><em>ἐπ’</em></strong></span> <span class='ocrx_word' id='word_1_153' title='bbox 747 2295 1011 2381; x_wconf 83' lang='grc' dir='ltr'><strong><em>ἐσχατιῇ</em></strong></span> <span class='ocrx_word' id='word_1_154' title='bbox 1059 2293 1256 2373; x_wconf 81' lang='grc' dir='ltr'><strong><em>σπέος</em></strong></span> <span class='ocrx_word' id='word_1_155' title='bbox 1299 2297 1566 2381; x_wconf 75' lang='grc' dir='ltr'><strong><em>εἴδομεν</em></strong></span> <span class='ocrx_word' id='word_1_156' title='bbox 1612 2298 1763 2382; x_wconf 72' lang='grc' dir='ltr'><strong><em>ἄγχι</em></strong></span> <span class='ocrx_word' id='word_1_157' title='bbox 1805 2299 2149 2384; x_wconf 89' lang='grc' dir='ltr'><strong><em>θαλάσσης</em></strong></span> 
     </span>
     <span class='ocr_line' id='line_1_22' title="bbox 263 2399 1942 2488; baseline 0.001 -21"><span class='ocrx_word' id='word_1_158' title='bbox 263 2402 552 2486; x_wconf 84' lang='grc' dir='ltr'><strong><em>ὑψηλόν,</em></strong></span> <span class='ocrx_word' id='word_1_159' title='bbox 600 2402 896 2488; x_wconf 80' lang='grc' dir='ltr'><strong><em>δάφνῃσι</em></strong></span> <span class='ocrx_word' id='word_1_160' title='bbox 938 2401 1320 2487; x_wconf 90' lang='grc' dir='ltr'><strong><em>κατηρεφές.</em></strong></span> <span class='ocrx_word' id='word_1_161' title='bbox 1396 2404 1566 2467; x_wconf 72' lang='grc' dir='ltr'><strong><em>ἔνθα</em></strong></span> <span class='ocrx_word' id='word_1_162' title='bbox 1612 2399 1688 2469; x_wconf 68' lang='grc' dir='ltr'><strong><em>δὲ</em></strong></span> <span class='ocrx_word' id='word_1_163' title='bbox 1730 2405 1942 2469; x_wconf 75' lang='grc' dir='ltr'><strong><em>πολλὰ</em></strong></span> 
     </span>
     <span class='ocr_line' id='line_1_23' title="bbox 264 2501 2063 2594; baseline 0.001 -20"><span class='ocrx_word' id='word_1_164' title='bbox 264 2505 445 2593; x_wconf 83' lang='grc' dir='ltr'><strong><em>μῆλ’,</em></strong></span> <span class='ocrx_word' id='word_1_165' title='bbox 492 2505 625 2584; x_wconf 83' lang='grc' dir='ltr'><strong><em>ὄιές</em></strong></span> <span class='ocrx_word' id='word_1_166' title='bbox 668 2530 737 2572; x_wconf 89' lang='grc' dir='ltr'><strong><em>τε</em></strong></span> <span class='ocrx_word' id='word_1_167' title='bbox 783 2504 894 2573; x_wconf 85' lang='grc' dir='ltr'><strong><em>καὶ</em></strong></span> <span class='ocrx_word' id='word_1_168' title='bbox 940 2501 1150 2591; x_wconf 82' lang='grc' dir='ltr'><strong><em>αἶγες,</em></strong></span> <span class='ocrx_word' id='word_1_169' title='bbox 1199 2508 1538 2574; x_wconf 82' lang='grc' dir='ltr'><strong><em>ἰαύεσκον·</em></strong></span> <span class='ocrx_word' id='word_1_170' title='bbox 1583 2506 1735 2594; x_wconf 86' lang='grc' dir='ltr'><strong><em>περὶ</em></strong></span> <span class='ocrx_word' id='word_1_171' title='bbox 1781 2506 1842 2574; x_wconf 89' lang='grc' dir='ltr'><strong><em>δ’</em></strong></span> <span class='ocrx_word' id='word_1_172' title='bbox 1895 2509 2063 2594; x_wconf 83' lang='grc' dir='ltr'><strong><em>αὐλὴ</em></strong></span> 
     </span>
     <span class='ocr_line' id='line_1_24' title="bbox 263 2612 2276 2700; baseline 0.001 -20"><span class='ocrx_word' id='word_1_173' title='bbox 263 2615 483 2699; x_wconf 80' lang='grc' dir='ltr'><strong><em>ὑψηλὴ</em></strong></span> <span class='ocrx_word' id='word_1_174' title='bbox 531 2612 815 2697; x_wconf 88' lang='grc' dir='ltr'><strong><em>δέδμητο</em></strong></span> <span class='ocrx_word' id='word_1_175' title='bbox 860 2612 1346 2700; x_wconf 79' lang='grc' dir='ltr'><strong><em>κατωρυχέεσσι</em></strong></span> <span class='ocrx_word' id='word_1_176' title='bbox 1392 2617 1687 2680; x_wconf 90' lang='grc' dir='ltr'><strong><em>λίθοισιν</em></strong></span> <span class='ocrx_word' id='word_1_177' title='bbox 2176 2633 2276 2683; x_wconf 86' lang='grc'><strong><em>185</em></strong></span> 
     </span>
     <span class='ocr_line' id='line_1_25' title="bbox 263 2717 1979 2807; baseline 0.002 -23"><span class='ocrx_word' id='word_1_178' title='bbox 263 2722 590 2807; x_wconf 80' lang='grc' dir='ltr'><strong><em>μακρῇσίν</em></strong></span> <span class='ocrx_word' id='word_1_179' title='bbox 632 2742 703 2784; x_wconf 90' lang='grc' dir='ltr'><strong><em>τε</em></strong></span> <span class='ocrx_word' id='word_1_180' title='bbox 746 2721 1056 2785; x_wconf 89' lang='grc' dir='ltr'><strong><em>πίτυσσιν</em></strong></span> <span class='ocrx_word' id='word_1_181' title='bbox 1103 2717 1206 2786; x_wconf 67' lang='grc' dir='ltr'><strong><em>ἰδὲ</em></strong></span> <span class='ocrx_word' id='word_1_182' title='bbox 1250 2718 1493 2806; x_wconf 86' lang='grc' dir='ltr'><strong><em>δρυσὶν</em></strong></span> <span class='ocrx_word' id='word_1_183' title='bbox 1536 2720 1979 2806; x_wconf 84' lang='grc' dir='ltr'><strong><em>ὑψικόμοισιν.</em></strong></span> 
     </span>
     <span class='ocr_line' id='line_1_26' title="bbox 264 2821 2011 2913; baseline 0.001 -22"><span class='ocrx_word' id='word_1_184' title='bbox 264 2829 432 2891; x_wconf 72' lang='grc' dir='ltr'><strong><em>ἔνθα</em></strong></span> <span class='ocrx_word' id='word_1_185' title='bbox 477 2821 539 2892; x_wconf 86' lang='grc' dir='ltr'><strong><em>δ’</em></strong></span> <span class='ocrx_word' id='word_1_186' title='bbox 593 2824 761 2911; x_wconf 82' lang='grc' dir='ltr'><strong><em>ἀνὴρ</em></strong></span> <span class='ocrx_word' id='word_1_187' title='bbox 806 2824 1026 2891; x_wconf 87' lang='grc' dir='ltr'><strong><em>ἐνίαυε</em></strong></span> <span class='ocrx_word' id='word_1_188' title='bbox 1070 2827 1422 2911; x_wconf 82' lang='grc' dir='ltr'><strong><em>πελώριος,</em></strong></span> <span class='ocrx_word' id='word_1_189' title='bbox 1469 2826 1542 2903; x_wconf 81' lang='grc' dir='ltr'><strong><em>ὅς</em></strong></span> <span class='ocrx_word' id='word_1_190' title='bbox 1588 2827 1671 2912; x_wconf 92' lang='grc' dir='ltr'><strong><em>ῥα</em></strong></span> <span class='ocrx_word' id='word_1_191' title='bbox 1713 2829 1794 2892; x_wconf 80' lang='grc' dir='ltr'><strong><em>τὰ</em></strong></span> <span class='ocrx_word' id='word_1_192' title='bbox 1838 2832 2011 2913; x_wconf 84' lang='grc' dir='ltr'><strong><em>μῆλα</em></strong></span> 
     </span>
     <span class='ocr_line' id='line_1_27' title="bbox 265 2928 2058 3018; baseline 0.002 -21"><span class='ocrx_word' id='word_1_193' title='bbox 265 2928 406 3010; x_wconf 86' lang='grc' dir='ltr'><strong><em>οἷος</em></strong></span> <span class='ocrx_word' id='word_1_194' title='bbox 447 2933 914 3016; x_wconf 89' lang='grc' dir='ltr'><strong><em>ποιμαίνεσκεν</em></strong></span> <span class='ocrx_word' id='word_1_195' title='bbox 961 2930 1374 3017; x_wconf 89' lang='grc' dir='ltr'><strong><em>ἀπόπροθεν·</em></strong></span> <span class='ocrx_word' id='word_1_196' title='bbox 1421 2929 1579 2998; x_wconf 71' lang='grc' dir='ltr'><strong><em>οὐδὲ</em></strong></span> <span class='ocrx_word' id='word_1_197' title='bbox 1626 2930 1762 3018; x_wconf 91' lang='grc' dir='ltr'><strong><em>μετ’</em></strong></span> <span class='ocrx_word' id='word_1_198' title='bbox 1816 2935 2058 3013; x_wconf 78' lang='grc' dir='ltr'><strong><em>ἄλλους</em></strong></span> 
     </span>
     <span class='ocr_line' id='line_1_28' title="bbox 264 3033 1935 3125; baseline 0.001 -23"><span class='ocrx_word' id='word_1_199' title='bbox 264 3034 551 3120; x_wconf 88' lang='grc' dir='ltr'><strong><em>πωλεῖτ’,</em></strong></span> <span class='ocrx_word' id='word_1_200' title='bbox 599 3033 741 3103; x_wconf 90' lang='grc' dir='ltr'><strong><em>ἀλλ’</em></strong></span> <span class='ocrx_word' id='word_1_201' title='bbox 795 3036 1176 3103; x_wconf 87' lang='grc' dir='ltr'><strong><em>ἀπάνευθεν</em></strong></span> <span class='ocrx_word' id='word_1_202' title='bbox 1221 3037 1351 3103; x_wconf 85' lang='grc' dir='ltr'><strong><em>ἐὼν</em></strong></span> <span class='ocrx_word' id='word_1_203' title='bbox 1395 3037 1745 3123; x_wconf 89' lang='grc' dir='ltr'><strong><em>ἀθεμίστια</em></strong></span> <span class='ocrx_word' id='word_1_204' title='bbox 1790 3037 1935 3125; x_wconf 76' lang='grc' dir='ltr'><strong><em>ᾔδη.</em></strong></span> 
     </span>
     <span class='ocr_line' id='line_1_29' title="bbox 263 3141 2277 3234; baseline 0.002 -26"><span class='ocrx_word' id='word_1_205' title='bbox 263 3141 375 3209; x_wconf 88' lang='grc' dir='ltr'><strong><em>καὶ</em></strong></span> <span class='ocrx_word' id='word_1_206' title='bbox 417 3143 544 3228; x_wconf 80' lang='grc' dir='ltr'><strong><em>γὰρ</em></strong></span> <span class='ocrx_word' id='word_1_207' title='bbox 591 3148 821 3228; x_wconf 87' lang='grc' dir='ltr'><strong><em>θαῦμα</em></strong></span> <span class='ocrx_word' id='word_1_208' title='bbox 865 3142 1133 3209; x_wconf 87' lang='grc' dir='ltr'><strong><em>τέτυκτο</em></strong></span> <span class='ocrx_word' id='word_1_209' title='bbox 1179 3144 1538 3231; x_wconf 79' lang='grc' dir='ltr'><strong><em>πελώριον,</em></strong></span> <span class='ocrx_word' id='word_1_210' title='bbox 1586 3141 1744 3210; x_wconf 72' lang='grc' dir='ltr'><strong><em>οὐδὲ</em></strong></span> <span class='ocrx_word' id='word_1_211' title='bbox 1791 3143 2020 3234; x_wconf 73' lang='grc' dir='ltr'><strong><em>ἐῴκειν</em></strong></span> <span class='ocrx_word' id='word_1_212' title='bbox 2175 3164 2277 3213; x_wconf 78' lang='grc'><strong><em>190</em></strong></span> 
     </span>
     <span class='ocr_line' id='line_1_30' title="bbox 264 3249 1687 3340; baseline 0 -25"><span class='ocrx_word' id='word_1_213' title='bbox 264 3249 467 3335; x_wconf 89' lang='grc' dir='ltr'><strong><em>ἀνδρί</em></strong></span> <span class='ocrx_word' id='word_1_214' title='bbox 503 3272 577 3332; x_wconf 90' lang='grc' dir='ltr'><strong><em>γε</em></strong></span> <span class='ocrx_word' id='word_1_215' title='bbox 624 3249 992 3338; x_wconf 73' lang='grc' dir='ltr'><strong><em>σιτοφάγῳ,</em></strong></span> <span class='ocrx_word' id='word_1_216' title='bbox 1040 3249 1205 3315; x_wconf 83' lang='grc' dir='ltr'><strong><em>ἀλλά</em></strong></span> <span class='ocrx_word' id='word_1_217' title='bbox 1253 3251 1375 3340; x_wconf 74' lang='grc' dir='ltr'><strong><em>ῥίῳ</em></strong></span> <span class='ocrx_word' id='word_1_218' title='bbox 1420 3250 1687 3335; x_wconf 85' lang='grc' dir='ltr'><strong><em>ὑλήεντι</em></strong></span> 
     </span>
     <span class='ocr_line' id='line_1_31' title="bbox 260 3352 2009 3441; baseline 0.002 -20"><span class='ocrx_word' id='word_1_219' title='bbox 260 3355 538 3440; x_wconf 78' lang='grc' dir='ltr'><strong><em>ὑψηλῶν</em></strong></span> <span class='ocrx_word' id='word_1_220' title='bbox 583 3352 822 3440; x_wconf 88' lang='grc' dir='ltr'><strong><em>ὀρέων,</em></strong></span> <span class='ocrx_word' id='word_1_221' title='bbox 870 3355 907 3420; x_wconf 83' lang='grc' dir='ltr'>ὅ</span> <span class='ocrx_word' id='word_1_222' title='bbox 950 3378 1020 3421; x_wconf 94' lang='grc' dir='ltr'><strong><em>τε</em></strong></span> <span class='ocrx_word' id='word_1_223' title='bbox 1067 3358 1374 3441; x_wconf 89' lang='grc' dir='ltr'><strong><em>φαίνεται</em></strong></span> <span class='ocrx_word' id='word_1_224' title='bbox 1420 3352 1568 3423; x_wconf 88' lang='grc' dir='ltr'><strong><em>οἷον</em></strong></span> <span class='ocrx_word' id='word_1_225' title='bbox 1612 3354 1722 3422; x_wconf 84' lang='grc' dir='ltr'><strong><em>ἀπ’</em></strong></span> <span class='ocrx_word' id='word_1_226' title='bbox 1774 3358 2009 3424; x_wconf 75' lang='grc' dir='ltr'><strong><em>ἄλλων.</em></strong></span> 
     </span>
    </p>

    <p class='ocr_par' dir='ltr' id='par_1_4' title="bbox 350 3460 2102 3549">
     <span class='ocr_line' id='line_1_32' title="bbox 350 3460 2102 3549; baseline 0.001 -22"><span class='ocrx_word' id='word_1_227' title='bbox 350 3461 433 3545; x_wconf 84' lang='grc' dir='ltr'><strong><em>δὴ</em></strong></span> <span class='ocrx_word' id='word_1_228' title='bbox 479 3462 625 3526; x_wconf 90' lang='grc' dir='ltr'><strong><em>τότε</em></strong></span> <span class='ocrx_word' id='word_1_229' title='bbox 668 3462 827 3537; x_wconf 85' lang='grc' dir='ltr'><strong><em>τοὺς</em></strong></span> <span class='ocrx_word' id='word_1_230' title='bbox 872 3462 1113 3538; x_wconf 78' lang='grc' dir='ltr'><strong><em>ἄλλους</em></strong></span> <span class='ocrx_word' id='word_1_231' title='bbox 1156 3465 1443 3547; x_wconf 89' lang='grc' dir='ltr'><strong><em>κελόμην</em></strong></span> <span class='ocrx_word' id='word_1_232' title='bbox 1489 3461 1755 3547; x_wconf 90' lang='grc' dir='ltr'><strong><em>ἐρίηρας</em></strong></span> <span class='ocrx_word' id='word_1_233' title='bbox 1800 3460 2102 3549; x_wconf 78' lang='grc' dir='ltr'><strong><em>ἑταίρους</em></strong></span> 
     </span>
    </p>
   </div>
  </div>
 </body>
</html>
