2646 3932
412 191 537 255 192
943 179 958 196 '
1170 195 1587 247 οΔΤΣΣΕΙΑΣ
1624 197 1694 246 Μ.

403 341 606 424 θυμῷ
652 337 1029 420 βουλεύειν·
1075 336 1236 423 ἐρέω
1283 335 1366 402 δέ
1403 360 1508 403 τοι
1553 335 2048 423 ἀμφοτέρωθεν.

405 445 607 508 ἔνθεν
651 438 773 527 μὲν
819 444 947 528 γὰρ
993 442 1224 528 πέτραι
1269 442 1657 539 ἐπηρεφέες,
1702 440 1897 529 προτὶ
1944 440 2005 508 δ’
2057 443 2260 520 αὐτὰς

406 557 581 632 κῦμα
625 546 790 632 μέγα
836 548 1075 635 ῥοχθεῖ
1113 544 1534 626 κυανώπιδος
1572 546 2018 635 Ἀμφιτρίτης·
2360 565 2434 614 60

409 655 757 737 Πλαγκτὰς
803 656 887 739 δή
932 677 1038 719 τοι
1081 655 1198 731 τάς
1241 678 1317 737 γε
1364 652 1517 721 θεοὶ
1561 656 1846 742 μάκαρες
1879 653 2249 721 καλέουσιν.

406 770 485 846 τῇ
532 758 655 845 μέν
697 759 755 826 τ’
811 757 969 826 οὐδὲ
1013 762 1262 845 ποτητὰ
1305 761 1698 848 παρέρχεται
1744 758 1903 827 οὐδὲ
1947 759 2199 827 πέλειαι

408 869 767 952 τρήρωνες,
811 871 927 933 ταί
964 866 1021 932 τ’
1076 866 1448 953 ἀμβροσίην
1492 867 1612 934 Διὶ
1655 867 1853 954 πατρὶ
1897 868 2250 952 φέρουσιν,

409 972 576 1038 ἀλλά
619 996 691 1038 τε
734 971 844 1038 καὶ
888 984 1023 1038 τῶν
1067 969 1212 1039 αἰὲν
1258 973 1637 1059 ἀφαιρεῖται
1683 972 1784 1051 λὶς
1810 973 2057 1059 πέτρη·

410 1076 553 1143 ἀλλ’
605 1079 812 1162 ἄλλην
858 1078 1072 1162 ἐνίησι
1117 1079 1331 1164 πατὴρ
1383 1078 1778 1165 ἐναρίθμιον
1823 1074 2011 1144 εἶναι.
2283 1117 2317 1132 κ
2363 1096 2437 1144 65

409 1192 488 1269 τῇ
534 1180 597 1248 δ’
649 1184 732 1250 οὔ
777 1183 878 1248 πω
922 1206 1023 1261 τις
1065 1192 1233 1267 νηῦς
1278 1184 1495 1267 φύγεν
1541 1183 1840 1270 ἀνδρῶν,
1885 1184 1928 1267 ἥ
1972 1207 2074 1261 τις
2118 1184 2367 1267 ἵκηται,

411 1288 578 1354 ἀλλά
621 1287 693 1354 θ’
748 1289 917 1375 ὁμοῦ
961 1291 1241 1367 πίνακάς
1282 1313 1355 1355 τε
1398 1302 1571 1357 νεῶν
1615 1288 1726 1357 καὶ
1771 1292 2038 1376 σώματα
2085 1301 2329 1376 φωτῶν

410 1392 656 1479 κύμαθ’
712 1394 868 1472 ἁλὸς
915 1394 1237 1480 φορέουσι
1282 1398 1493 1480 πυρός
1536 1394 1594 1461 τ’
1648 1396 1872 1462 ὀλοοῖο
1916 1396 2214 1463 θύελλαι.

411 1508 518 1586 οῖη
566 1501 650 1583 δὴ
693 1503 878 1585 κείνη
924 1524 999 1583 γε
1044 1500 1355 1586 παρέπλω
1400 1504 1812 1587 ποντοπόρος
1853 1511 2048 1586 νηῦς,

405 1605 612 1694 Ἀργὼ
659 1615 819 1672 πᾶσι
863 1605 1184 1691 μέλουσα,
1229 1605 1386 1691 παρ’
1439 1609 1693 1690 Αἰήταο
1739 1606 2046 1674 πλέουσα.
2363 1627 2437 1675 '¹10

410 1716 527 1779 καί
561 1713 649 1778 νύ
692 1735 765 1776 κε
808 1713 933 1796 τὴν
976 1709 1123 1777 ἔνθ’
1177 1707 1314 1785 ὦκα
1358 1713 1562 1796 βάλεν
1607 1715 1893 1798 μεγάλας
1936 1713 2089 1781 ποτὶ
2132 1713 2399 1799 πέτρας,

412 1816 555 1885 ἀλλ’
591 1816 765 1902 Ἥρη
790 1817 1265 1913 παρέπεμψεν,
1312 1816 1454 1884 ἐπεὶ
1501 1822 1697 1904 φίλος
1740 1815 1860 1903 ἦεν
1898 1818 2144 1905 Ἰήσων.

501 1925 571 1991 oc
612 1921 684 1991 δὲ
731 1924 871 1991 δύω
919 1927 1228 1991 σκόπελοι
1275 1923 1311 1991 ὁ
1358 1921 1481 2011 μὲν
1528 1926 1821 2012 οὐρανὸν
1866 1926 2073 2014 εὐρὺν
2119 1926 2329 1994 ἱκάνει

411 2032 588 2118 ὀξείῃ
633 2040 930 2118 κορυφῇ,
975 2029 1221 2116 νεφέλη
1268 2030 1349 2099 δέ
1391 2056 1509 2117 μιν
1555 2031 2005 2118 ἀμφιβέβηκεν

410 2135 684 2221 κυανέη·
727 2138 803 2203 τὸ
848 2133 970 2221 μὲν
1016 2138 1099 2202 οὔ
1142 2135 1288 2203 ποτ’
1342 2137 1552 2223 ἐρωεῖ,
1600 2137 1766 2204 οὐδέ
1804 2136 1950 2204 ποτ’
2003 2144 2209 2224 αὔθρη
2366 2158 2437 2206 ’15

410 2247 637 2309 κείνου
682 2246 812 2329 ἔχει
857 2244 1165 2328 κορυφὴν
1220 2241 1360 2308 οὔτ’
1413 2243 1487 2309 ἐν
1531 2243 1720 2330 θέρει
1766 2242 1906 2309 οὔτ’
1961 2244 2034 2310 ἐν
2079 2245 2324 2331 ὀπώρῃ.

411 2349 577 2416 οὐδέ
615 2373 731 2415 κεν
776 2349 1023 2434 ἀμβαίη
1069 2351 1307 2436 βροτὸς
1354 2349 1523 2436 ἀνὴρ
1571 2349 1718 2417 οὐδ’
1772 2350 2066 2435 ἐπιβαίη,

413 2454 558 2522 οὐδ’
612 2462 680 2522 εἴ
717 2457 788 2522 οί
825 2454 1037 2541 χεῖρές
1080 2478 1150 2521 τε
1197 2455 1439 2522 ἐείκοσι
1481 2454 1594 2522 καὶ
1638 2458 1836 2534 πόδες
1881 2452 2043 2522 εἷεν·

412 2561 614 2647 πέτρη
660 2562 788 2647 γὰρ
836 2563 937 2637 λίς
981 2560 1150 2643 ἐστι,
1196 2560 1540 2647 περιξέστῃ
1587 2561 1815 2627 ἐικυῖα.

413 2667 631 2756 μέσσῳ
680 2665 741 2732 δ’
794 2666 868 2732 ἐν
913 2664 1210 2754 σκοπέλῳ
1256 2669 1396 2732 ἔστι
1443 2666 1643 2745 σπέος
1687 2666 2049 2754 ἠεροειδές,
2364 2686 2437 2735 80

412 2774 577 2858 πρὸς
625 2775 830 2857 ζόφον
876 2774 973 2850 εἰς
1014 2775 1243 2857 ἔρεβος
1286 2772 1768 2859 τετραμμένον,
1814 2764 1857 2858 ᾗ
1903 2794 2026 2859 περ
2073 2773 2156 2839 ἂν
2202 2773 2391 2859 ὑμεῖς

412 2888 541 2962 νῆα
584 2879 762 2964 παρὰ
806 2873 1162 2964 γλαφυρὴν
1208 2878 1506 2960 ὀθύνετε,
1555 2874 1817 2962 φαίδιμ’
1864 2875 2200 2944 Ὀδυσσεῦ.

413 2983 579 3072 οὐδέ
616 3008 732 3050 κεν
777 2983 849 3049 ἐκ
892 2986 1051 3068 νηὸς
1094 2988 1443 3070 γλαφυρῆς
1487 2985 1735 3066 αἰζήιος
1780 2982 1948 3069 ἀνὴρ

411 3091 577 3180 τόξῳ
625 3091 970 3166 ὀιστεύσας
1013 3093 1243 3154 κοῖλον
1289 3086 1488 3166 σπέος
1532 3090 1962 3173 εἰσαφίκοιτο.

411 3201 583 3263 ἔνθα
629 3195 690 3263 δ’
743 3193 844 3261 ε’νὶ
888 3195 1160 3279 Σκύλλη
1205 3198 1380 3261 ναίει
1426 3196 1654 3261 δεινὸν
1700 3200 2029 3262 λελακυῖα.
2367 3212 2440 3261 85

414 3306 559 3387 [τῆς
602 3297 643 3385 ἦ
689 3325 794 3368 τοι
839 3302 1031 3386 φωνὴ
1077 3298 1200 3385 μὲν
1244 3300 1369 3386 ὅση
1416 3301 1742 3378 σκύλακος
1785 3306 2091 3385 νεογιλῆς

411 3411 737 3492 γίγνεται,
783 3406 949 3489 αὐτὴ
996 3404 1059 3472 δ’
1111 3400 1267 3472 αὖτε
1313 3404 1533 3493 πέλωρ
1578 3409 1811 3472 κακόν·
1866 3406 2032 3473 οὐδέ
2068 3405 2147 3473 κέ
2176 3408 2277 3484 τίς
2320 3431 2445 3492 μιν

412 3516 774 3599 γηθήσειεν
822 3512 1019 3595 ἰδών,
1068 3510 1215 3577 οὐδ’
1268 3515 1333 3578 εί
1371 3513 1531 3589 θεὸς
1576 3512 1991 3594 ἀντιάσειεν.]
