2646 3932
309 150 396 215 54
1061 155 1477 206 ΟΔΤΣΣΕῙΑΣ
1513 157 1558 205 Δ

309 293 562 372 ἐξαῦτις
607 296 928 380 μύθοισιν
975 295 1370 380 ἀμειβομένη
1417 294 1832 382 προσέειπεν·

310 399 641 487 ,,Ἀτρεΐδη
690 400 991 466 Μενέλαε
1039 398 1382 487 διοτρεφὲς
1428 399 1546 485 ἠδὲ
1591 400 1702 467 καὶ
1748 404 1889 468 οἵδε
2224 421 2328 469 235

309 507 574 592 ἀνδρῶν
620 506 884 572 ἐσθλῶν
928 509 1188 589 παῖδες,
1235 508 1399 593 ἀτὰρ
1443 509 1604 585 θεὸς
1650 510 1881 574 ἄλλοτε
1930 510 2108 597 ἄλλῳ

310 615 477 689 Ζεὺς
522 612 781 696 ἀγαθόν
826 637 894 678 τε
940 616 1144 678 κακόν
1188 638 1256 679 τε
1305 615 1510 680 διδοῖ·
1558 615 1836 680 δύναται
1882 616 2008 700 γὰρ
2047 615 2330 679 ἅπαντα·

307 713 347 799 ἦ
393 741 496 784 τοι
543 728 672 783 νῦν
718 720 1043 784 δαίνυσθε
1089 722 1458 803 καθήμενοι
1505 719 1578 785 ἐν
1622 722 2010 806 μεγάροισιν

306 821 415 887 καὶ
461 826 705 908 μύθοις
751 824 1100 910 τέρπεσθε·
1148 826 1405 891 ἐοικότα
1450 827 1576 910 γὰρ
1624 826 1970 907 καταλέξω.

306 930 519 994 πάντα
565 928 685 1013 μὲν
731 930 853 996 οὐκ
899 930 983 996 ἂν
1029 930 1156 1015 ἐγὼ
1205 933 1593 1015 μυθήσομαι
1641 930 1785 996 οὐδ’
1842 931 2179 1016 ὀνομήνω,
2224 950 2328 998 240

307 1035 496 1100 ὅσσοι
539 1034 898 1120 Ὀδυσσῆος
943 1041 1430 1123 ταλασίφρονός
1476 1041 1647 1103 εἰσιν
1692 1040 1953 1103 ἄεθλοι·

308 1138 452 1204 ἀλλ’
508 1133 656 1207 οἷον
700 1142 842 1208 τόδ’
899 1144 1074 1230 ἔρεξε
1119 1142 1228 1209 καὶ
1275 1147 1425 1226 ἔτλη
1471 1146 1784 1229 καρτερὸς
1830 1144 1997 1228 ἀνὴρ

308 1248 492 1336 δήμῳ
541 1250 640 1312 ἔνι
695 1250 970 1334 Τρώων,
1018 1250 1132 1314 ὅθι
1176 1251 1453 1333 πάσχετε
1498 1248 1737 1335 πήματ’
1784 1248 2046 1334 Ἀχαιοί.

306 1352 511 1417 αὐτόν
556 1377 671 1436 μιν
715 1361 1046 1439 πληγῇσιν
1090 1354 1445 1439 ἀεικελίῃσι
1495 1357 1863 1440 δαμάσσας,

306 1469 540 1543 σπεῖρα
584 1458 728 1525 κάκ’
782 1458 946 1544 ἀμφ’
1000 1462 1237 1545 ὤμοισι
1284 1463 1540 1544 βαλών,
1590 1463 1765 1543 οἰκῆι
1812 1461 2040 1538 ἐοικὼς
2223 1481 2327 1529 245

306 1563 572 1647 ἀνδρῶν
620 1566 1001 1650 δυσμενέων
1046 1566 1287 1632 κατέδυ
1334 1570 1531 1631 πόλιν
1581 1566 2041 1650 [εὐρυάγυιαν·

306 1671 481 1758 ἄλλω
530 1667 590 1736 δ’
646 1670 850 1737 αὐτὸν
897 1669 1069 1757 φωτὶ
1114 1674 1586 1757 κατακρύπτων
1631 1674 1889 1755 ἤισκεν,

307 1774 529 1861 δέκτῃ,
578 1775 650 1853 ὃς
697 1774 896 1843 οὐδὲν
941 1789 1120 1854 τοῖος
1166 1781 1283 1861 ἔην
1331 1776 1436 1844 ἐπὶ
1482 1777 1723 1862 νηυσὶν
1763 1776 2055 1862 Ἀχαιῶν.

303 1891 394 1971 τῷ
444 1887 660 1959 ἴκελος
704 1883 945 1949 κατέδυ
1001 1886 1247 1969 Τρώων
1291 1884 1545 1968 πόλιν·]
1596 1884 1667 1949 ol*
1707 1881 1769 1948 δ’
1822 1883 2164 1971 ἀβάκησαν

304 1990 567 2066 πάντες·
615 1989 742 2072 ἐγὼ
790 1989 867 2056 δέ
907 2016 1023 2075 μιν
1069 1998 1175 2075 οἴη
1225 1989 1524 2074 ἀνέγνων
1568 2002 1754 2056 τοῖον
1799 1990 2021 2076 ἐόντα,
2222 2011 2325 2059 250

303 2099 421 2160 καί
458 2120 574 2179 μιν
621 2095 1023 2182 ἀνειρώτων·
1097 2097 1133 2163 ὁ
1181 2094 1253 2162 δὲ·
1301 2098 1671 2183 κερδοσύνῃ
1719 2096 2027 2165 ἀλέεινεν.

304 2199 446 2266 ἀλλ’
499 2202 604 2268 ὅτε
652 2203 735 2286 δή
781 2227 896 2287 μιν
942 2202 1070 2285 ἐγὼ
1116 2206 1310 2268 λόεον
1356 2201 1466 2268 καὶ
1510 2213 1702 2287 χρῖον
1748 2202 1977 2292 ἐλαίῳ,

309 2306 478 2391 ἀμφὶ
527 2304 599 2372 δὲ
645 2309 876 2392 εἵματα
923 2308 1083 2375 ἕσσα
1128 2308 1238 2374 καὶ
1285 2311 1513 2394 ὤμοσα
1557 2311 1877 2392 καρτερὸν
1922 2310 2123 2392 ὅρκον

304 2414 390 2497 μὴ
442 2410 565 2498 μὲν
608 2412 769 2499 πρὶν
808 2412 1092 2499 Ὀδυσῆα
1136 2416 1297 2499 μετὰ
1352 2412 1639 2497 Τρώεσσ’
1693 2414 2063 2501 ἀναφῆναι,

302 2521 460 2603 πρίν
503 2543 578 2603 γε
623 2521 741 2584 τὸν
787 2519 852 2597 ἐς
889 2522 1055 2604 νῆάς
1088 2544 1158 2586 τε
1193 2522 1365 2598 θοὰς
1402 2523 1656 2596 κλισίας
1692 2518 1749 2583 τ’
1796 2519 2178 2604 ἀφικέσθαι,
2219 2540 2321 2588 255

303 2623 410 2690 καὶ
457 2628 602 2691 τότε
650 2627 733 2708 δή
781 2650 891 2710 μοι
938 2627 1152 2691 πάντα
1196 2630 1359 2692 νόον
1405 2624 1741 2703 κατέλεξεν
1780 2622 2072 2710 Ἀχαιῶν.

303 2734 589 2808 πολλοὺς
635 2728 707 2797 δὲ
761 2733 1007 2817 Τρώων
1051 2735 1310 2810 κτείνας
1354 2735 1668 2814 ταναήκεϊ
1708 2738 1924 2820 χαλκῷ

303 2833 468 2920 ἦλθε
515 2835 652 2921 μετ’
699 2835 1063 2922 Ἀργείους,
1110 2840 1274 2903 κατὰ
1321 2835 1395 2905 δὲ
1440 2841 1687 2923 φρόνιν
1731 2838 1935 2920 ἤγαγε
1981 2841 2251 2922 πολλήν.

304 2942 449 3009 ἔνθ’
502 2945 694 3009 ἄλλαι
750 2943 967 3030 Τρωαὶ
1015 2943 1142 3027 λίγ’
1196 2944 1516 3010 ἐκώκυον·
1563 2943 1770 3026 αὐτὰρ
1818 2943 1977 3027 ἐμὸν
2022 2952 2147 3027 κῆρ

302 3048 504 3135 χαῖρ’,
550 3048 688 3116 ἐπεὶ
734 3051 861 3134 ἤδη
908 3074 1020 3135 μοι
1065 3052 1302 3137 κραδίη
1349 3047 1666 3134 τέτραπτο
1713 3047 1980 3114 νέεσθαι
2216 3067 2321 3118 260

304 3153 416 3234 ἀφ’
469 3154 748 3238 οἶκόνδ’,
796 3158 962 3239 ἄτην
1008 3153 1081 3221 δὲ
1126 3154 1544 3241 μετέστενον,
1590 3155 1676 3239 ἣν
1715 3153 2070 3240 Ἀφροδίτη

307 3260 493 3347 δῶχ’,
539 3262 646 3329 ὅτε
691 3260 759 3347 μ’
811 3259 1004 3346 ἤγαγ’
1057 3262 1264 3328 ἐκεῖσε
1311 3264 1509 3346 φίλης
1556 3261 1681 3326 ἀπὸ
1727 3261 2043 3346 πατρίδος
2089 3268 2264 3346 αἴης,

303 3370 507 3435 παῖδά
551 3367 609 3434 τ’
661 3369 825 3454 ἐμὴν
869 3367 1413 3454 νοσφισσαμένην
1455 3368 1763 3452 θάλαμόν
1805 3390 1876 3432 τε
1922 3370 2121 3434 πόσιν
2164 3392 2234 3434 τε

304 3477 387 3541 οὔ
430 3500 544 3542 τευ
590 3477 981 3561 δευόμενον,
1029 3473 1168 3541 οὔτ’
1222 3474 1305 3561 ἂρ
1353 3473 1600 3560 φρένας
1646 3474 1797 3539 οὔτε
1841 3497 1907 3538 τι
1952 3469 2194 3552 daug-,⁴⁶
