<?xml version="1.0" encoding="UTF-8"?>
<!DOCTYPE html PUBLIC "-//W3C//DTD XHTML 1.0 Transitional//EN"
    "http://www.w3.org/TR/xhtml1/DTD/xhtml1-transitional.dtd">
<html xmlns="http://www.w3.org/1999/xhtml" xml:lang="en" lang="en">
 <head>
  <title>
</title>
<meta http-equiv="Content-Type" content="text/html;charset=utf-8" />
  <meta name='ocr-system' content='tesseract 3.04.00' />
  <meta name='ocr-capabilities' content='ocr_page ocr_carea ocr_par ocr_line ocrx_word'/>
</head>
<body>
  <div class='ocr_page' id='page_1' title='image "./homeriodyssea00wolfgoog_0163.png"; bbox 0 0 2646 3932; ppageno 0'>
   <div class='ocr_carea' id='block_1_1' title="bbox 1023 138 2301 202">
    <p class='ocr_par' dir='ltr' id='par_1_1' title="bbox 1023 138 2301 202">
     <span class='ocr_line' id='line_1_1' title="bbox 1023 138 2301 202; baseline 0.009 -12"><span class='ocrx_word' id='word_1_1' title='bbox 1023 139 1440 190; x_wconf 70' lang='grc' dir='ltr'><strong>οΔΤΣΣΕΙΑΣ</strong></span> <span class='ocrx_word' id='word_1_2' title='bbox 1476 141 1570 194; x_wconf 74' lang='lat' dir='ltr'><strong><em>m.</em></strong></span> <span class='ocrx_word' id='word_1_3' title='bbox 2174 138 2301 202; x_wconf 83' lang='lat'><strong><em>135</em></strong></span> 
     </span>
    </p>
   </div>
   <div class='ocr_carea' id='block_1_2' title="bbox 281 278 2302 3549">
    <p class='ocr_par' dir='ltr' id='par_1_2' title="bbox 281 278 2302 3549">
     <span class='ocr_line' id='line_1_2' title="bbox 281 278 1830 367; baseline 0.001 -22"><span class='ocrx_word' id='word_1_4' title='bbox 281 278 767 365; x_wconf 73' lang='grc' dir='ltr'><strong><em>σπερχομένους</em></strong></span> <span class='ocrx_word' id='word_1_5' title='bbox 810 291 993 364; x_wconf 90' lang='grc' dir='ltr'><strong><em>νηῶν</em></strong></span> <span class='ocrx_word' id='word_1_6' title='bbox 1039 280 1457 367; x_wconf 77' lang='grc' dir='ltr'><strong><em>ἐπιβαινέμεν</em></strong></span> <span class='ocrx_word' id='word_1_7' title='bbox 1505 281 1830 365; x_wconf 77' lang='grc' dir='ltr'><strong><em>ὠκειάων,</em></strong></span> 
     </span>
     <span class='ocr_line' id='line_1_3' title="bbox 281 386 1927 472; baseline 0 -21"><span class='ocrx_word' id='word_1_8' title='bbox 281 388 370 470; x_wconf 89' lang='grc' dir='ltr'><strong><em>μή</em></strong></span> <span class='ocrx_word' id='word_1_9' title='bbox 414 386 552 463; x_wconf 91' lang='grc' dir='ltr'><strong><em>πώς</em></strong></span> <span class='ocrx_word' id='word_1_10' title='bbox 596 409 696 462; x_wconf 89' lang='grc' dir='ltr'><strong><em>τις</em></strong></span> <span class='ocrx_word' id='word_1_11' title='bbox 739 391 978 452; x_wconf 80' lang='grc' dir='ltr'><em>λωτοῖο</em></span> <span class='ocrx_word' id='word_1_12' title='bbox 1026 387 1262 472; x_wconf 82' lang='grc' dir='ltr'><strong><em>φαγὼν</em></strong></span> <span class='ocrx_word' id='word_1_13' title='bbox 1306 388 1578 452; x_wconf 83' lang='grc' dir='ltr'><strong><em>νόστοιο</em></strong></span> <span class='ocrx_word' id='word_1_14' title='bbox 1623 388 1927 472; x_wconf 84' lang='grc' dir='ltr'><strong><em>λάθηται.</em></strong></span> 
     </span>
     <span class='ocr_line' id='line_1_4' title="bbox 282 487 1970 577; baseline 0 -20"><span class='ocrx_word' id='word_1_15' title='bbox 282 492 353 557; x_wconf 77' lang='grc' dir='ltr'><strong><em>οἱ</em></strong></span> <span class='ocrx_word' id='word_1_16' title='bbox 395 489 457 556; x_wconf 79' lang='grc' dir='ltr'><strong><em>δ’</em></strong></span> <span class='ocrx_word' id='word_1_17' title='bbox 509 487 649 570; x_wconf 82' lang='grc' dir='ltr'><strong><em>αἶψ’</em></strong></span> <span class='ocrx_word' id='word_1_18' title='bbox 701 495 1042 576; x_wconf 74' lang='grc' dir='ltr'><strong><em>εἴσβαινον</em></strong></span> <span class='ocrx_word' id='word_1_19' title='bbox 1086 490 1198 557; x_wconf 84' lang='grc' dir='ltr'><strong><em>καὶ</em></strong></span> <span class='ocrx_word' id='word_1_20' title='bbox 1243 490 1350 557; x_wconf 85' lang='grc' dir='ltr'><strong><em>ἐπὶ</em></strong></span> <span class='ocrx_word' id='word_1_21' title='bbox 1394 496 1617 577; x_wconf 79' lang='grc' dir='ltr'><strong><em>κληῖσι</em></strong></span> <span class='ocrx_word' id='word_1_22' title='bbox 1659 495 1970 575; x_wconf 77' lang='grc' dir='ltr'><strong><em>καθῖζον,</em></strong></span> 
     </span>
     <span class='ocr_line' id='line_1_5' title="bbox 281 592 1982 684; baseline -0.001 -20"><span class='ocrx_word' id='word_1_23' title='bbox 281 596 428 683; x_wconf 79' lang='grc' dir='ltr'><strong><em>ἑξῆς</em></strong></span> <span class='ocrx_word' id='word_1_24' title='bbox 473 592 537 664; x_wconf 78' lang='grc' dir='ltr'><strong><em>δ’</em></strong></span> <span class='ocrx_word' id='word_1_25' title='bbox 586 596 879 682; x_wconf 75' lang='grc' dir='ltr'><strong><em>ἑζόμενοι</em></strong></span> <span class='ocrx_word' id='word_1_26' title='bbox 920 598 1163 681; x_wconf 83' lang='grc' dir='ltr'><strong><em>πολιὴν</em></strong></span> <span class='ocrx_word' id='word_1_27' title='bbox 1208 598 1335 663; x_wconf 88' lang='grc' dir='ltr'><strong><em>ἄλα</em></strong></span> <span class='ocrx_word' id='word_1_28' title='bbox 1379 599 1629 663; x_wconf 82' lang='grc' dir='ltr'><strong><em>τύπτον</em></strong></span> <span class='ocrx_word' id='word_1_29' title='bbox 1672 596 1982 684; x_wconf 78' lang='grc' dir='ltr'><strong><em>ἐρετμοῖς.</em></strong></span> 
     </span>
     <span class='ocr_line' id='line_1_6' title="bbox 370 698 2300 789; baseline -0.001 -19"><span class='ocrx_word' id='word_1_30' title='bbox 370 707 572 770; x_wconf 70' lang='grc' dir='ltr'><strong><em>ἔνθεν</em></strong></span> <span class='ocrx_word' id='word_1_31' title='bbox 617 700 691 770; x_wconf 70' lang='grc' dir='ltr'><strong><em>δὲ</em></strong></span> <span class='ocrx_word' id='word_1_32' title='bbox 735 703 1030 789; x_wconf 82' lang='grc' dir='ltr'><strong><em>προτέρω</em></strong></span> <span class='ocrx_word' id='word_1_33' title='bbox 1077 702 1362 787; x_wconf 83' lang='grc' dir='ltr'><strong><em>πλέομεν</em></strong></span> <span class='ocrx_word' id='word_1_34' title='bbox 1409 703 1808 789; x_wconf 81' lang='grc' dir='ltr'><strong><em>ἀκαχήμενοι</em></strong></span> <span class='ocrx_word' id='word_1_35' title='bbox 1851 698 2041 789; x_wconf 82' lang='grc' dir='ltr'><strong><em>ἦτορ·</em></strong></span> <span class='ocrx_word' id='word_1_36' title='bbox 2200 720 2300 769; x_wconf 85' lang='lat'><strong><em>105</em></strong></span> 
     </span>
     <span class='ocr_line' id='line_1_7' title="bbox 283 807 2038 895; baseline 0 -19"><span class='ocrx_word' id='word_1_37' title='bbox 283 811 669 876; x_wconf 82' lang='grc' dir='ltr'><strong><em>Κυκλώπων</em></strong></span> <span class='ocrx_word' id='word_1_38' title='bbox 714 807 776 876; x_wconf 76' lang='grc' dir='ltr'><strong><em>δ’</em></strong></span> <span class='ocrx_word' id='word_1_39' title='bbox 830 809 897 887; x_wconf 82' lang='grc' dir='ltr'><strong><em>ές</em></strong></span> <span class='ocrx_word' id='word_1_40' title='bbox 940 820 1138 893; x_wconf 78' lang='grc' dir='ltr'><strong><em>γαῖαν</em></strong></span> <span class='ocrx_word' id='word_1_41' title='bbox 1181 809 1616 895; x_wconf 77' lang='grc' dir='ltr'><strong><em>ὑπερφιάλων</em></strong></span> <span class='ocrx_word' id='word_1_42' title='bbox 1661 809 2038 894; x_wconf 79' lang='grc' dir='ltr'><strong><em>ἀθεμίστων</em></strong></span> 
     </span>
     <span class='ocr_line' id='line_1_8' title="bbox 285 914 2002 1002; baseline -0.001 -20"><span class='ocrx_word' id='word_1_43' title='bbox 285 914 569 1002; x_wconf 75' lang='grc' dir='ltr'><strong><em>ἱκόμεθ’,</em></strong></span> <span class='ocrx_word' id='word_1_44' title='bbox 617 918 687 982; x_wconf 80' lang='grc' dir='ltr'><strong><em>οἳ</em></strong></span> <span class='ocrx_word' id='word_1_45' title='bbox 729 916 813 1002; x_wconf 78' lang='grc' dir='ltr'><strong><em>ῥα</em></strong></span> <span class='ocrx_word' id='word_1_46' title='bbox 855 922 1081 981; x_wconf 78' lang='grc' dir='ltr'><strong><em>θεοῖσι</em></strong></span> <span class='ocrx_word' id='word_1_47' title='bbox 1123 918 1519 993; x_wconf 87' lang='grc' dir='ltr'><strong><em>πεποιθότες</em></strong></span> <span class='ocrx_word' id='word_1_48' title='bbox 1564 916 2002 981; x_wconf 83' lang='grc' dir='ltr'><strong><em>ἀθανάτοισιν</em></strong></span> 
     </span>
     <span class='ocr_line' id='line_1_9' title="bbox 283 1017 1984 1108; baseline -0.001 -19"><span class='ocrx_word' id='word_1_49' title='bbox 283 1023 435 1089; x_wconf 77' lang='grc' dir='ltr'><strong><em>οὔτε</em></strong></span> <span class='ocrx_word' id='word_1_50' title='bbox 480 1024 888 1108; x_wconf 85' lang='grc' dir='ltr'><strong><em>φυτεύουσιν</em></strong></span> <span class='ocrx_word' id='word_1_51' title='bbox 933 1020 1164 1107; x_wconf 84' lang='grc' dir='ltr'><strong><em>χερσὶν</em></strong></span> <span class='ocrx_word' id='word_1_52' title='bbox 1209 1024 1426 1107; x_wconf 91' lang='grc' dir='ltr'><strong><em>φυτὸν</em></strong></span> <span class='ocrx_word' id='word_1_53' title='bbox 1472 1017 1612 1089; x_wconf 82' lang='grc' dir='ltr'><strong><em>οὔτ’</em></strong></span> <span class='ocrx_word' id='word_1_54' title='bbox 1663 1022 1984 1108; x_wconf 83' lang='grc' dir='ltr'><strong><em>ἀρόωσιν,</em></strong></span> 
     </span>
     <span class='ocr_line' id='line_1_10' title="bbox 283 1125 2146 1214; baseline -0.001 -20"><span class='ocrx_word' id='word_1_55' title='bbox 283 1129 449 1195; x_wconf 77' lang='grc' dir='ltr'><strong><em>ἀλλὰ</em></strong></span> <span class='ocrx_word' id='word_1_56' title='bbox 493 1129 573 1194; x_wconf 90' lang='grc' dir='ltr'><strong><em>τά</em></strong></span> <span class='ocrx_word' id='word_1_57' title='bbox 617 1125 680 1212; x_wconf 90' lang='grc' dir='ltr'><strong><em>γ’</em></strong></span> <span class='ocrx_word' id='word_1_58' title='bbox 734 1129 1033 1214; x_wconf 78' lang='grc' dir='ltr'><strong><em>ἄσπαρτα</em></strong></span> <span class='ocrx_word' id='word_1_59' title='bbox 1078 1125 1188 1193; x_wconf 86' lang='grc' dir='ltr'><strong><em>καὶ</em></strong></span> <span class='ocrx_word' id='word_1_60' title='bbox 1234 1127 1524 1214; x_wconf 84' lang='grc' dir='ltr'><strong><em>ἀνήροτα</em></strong></span> <span class='ocrx_word' id='word_1_61' title='bbox 1568 1129 1784 1193; x_wconf 89' lang='grc' dir='ltr'><strong><em>πάντα</em></strong></span> <span class='ocrx_word' id='word_1_62' title='bbox 1829 1129 2146 1214; x_wconf 88' lang='grc' dir='ltr'><strong><em>φύονται,</em></strong></span> 
     </span>
     <span class='ocr_line' id='line_1_11' title="bbox 282 1229 2302 1322; baseline -0.001 -21"><span class='ocrx_word' id='word_1_63' title='bbox 282 1232 485 1321; x_wconf 85' lang='grc' dir='ltr'><strong><em>πυροὶ</em></strong></span> <span class='ocrx_word' id='word_1_64' title='bbox 528 1233 641 1300; x_wconf 87' lang='grc' dir='ltr'><strong><em>καὶ</em></strong></span> <span class='ocrx_word' id='word_1_65' title='bbox 684 1232 916 1322; x_wconf 86' lang='grc' dir='ltr'><strong><em>κριθαὶ</em></strong></span> <span class='ocrx_word' id='word_1_66' title='bbox 960 1229 1073 1318; x_wconf 76' lang='grc' dir='ltr'><strong><em>ἠδ’</em></strong></span> <span class='ocrx_word' id='word_1_67' title='bbox 1122 1236 1430 1318; x_wconf 88' lang='grc' dir='ltr'><strong><em>ἄμπελοι,</em></strong></span> <span class='ocrx_word' id='word_1_68' title='bbox 1476 1234 1552 1300; x_wconf 81' lang='grc' dir='ltr'><strong><em>αἵ</em></strong></span> <span class='ocrx_word' id='word_1_69' title='bbox 1589 1257 1659 1300; x_wconf 92' lang='grc' dir='ltr'><strong><em>τε</em></strong></span> <span class='ocrx_word' id='word_1_70' title='bbox 1705 1232 2030 1319; x_wconf 86' lang='grc' dir='ltr'><strong><em>φέρουσιν</em></strong></span> <span class='ocrx_word' id='word_1_71' title='bbox 2205 1251 2302 1299; x_wconf 88' lang='grc'><strong><em>110</em></strong></span> 
     </span>
     <span class='ocr_line' id='line_1_12' title="bbox 285 1336 2097 1427; baseline 0 -21"><span class='ocrx_word' id='word_1_72' title='bbox 285 1336 475 1406; x_wconf 84' lang='grc' dir='ltr'><strong><em>οἶνον</em></strong></span> <span class='ocrx_word' id='word_1_73' title='bbox 521 1339 994 1427; x_wconf 80' lang='grc' dir='ltr'><strong><em>ἐριστάφυλον,</em></strong></span> <span class='ocrx_word' id='word_1_74' title='bbox 1040 1344 1157 1406; x_wconf 89' lang='grc' dir='ltr'><strong><em>καί</em></strong></span> <span class='ocrx_word' id='word_1_75' title='bbox 1195 1356 1361 1426; x_wconf 90' lang='grc' dir='ltr'><strong><em>σφιν</em></strong></span> <span class='ocrx_word' id='word_1_76' title='bbox 1406 1342 1573 1417; x_wconf 88' lang='grc' dir='ltr'><strong><em>Διὸς</em></strong></span> <span class='ocrx_word' id='word_1_77' title='bbox 1619 1342 1866 1427; x_wconf 79' lang='grc' dir='ltr'><strong><em>ὄμβρος</em></strong></span> <span class='ocrx_word' id='word_1_78' title='bbox 1911 1340 2097 1420; x_wconf 80' lang='grc' dir='ltr'><strong><em>ἀέξει.</em></strong></span> 
     </span>
     <span class='ocr_line' id='line_1_13' title="bbox 284 1444 2132 1532; baseline -0.001 -20"><span class='ocrx_word' id='word_1_79' title='bbox 284 1458 500 1513; x_wconf 80' lang='grc' dir='ltr'><strong><em>τοῖσιν</em></strong></span> <span class='ocrx_word' id='word_1_80' title='bbox 543 1444 606 1513; x_wconf 76' lang='grc' dir='ltr'><strong><em>δ’</em></strong></span> <span class='ocrx_word' id='word_1_81' title='bbox 659 1444 799 1512; x_wconf 78' lang='grc' dir='ltr'><strong><em>οὔτ’</em></strong></span> <span class='ocrx_word' id='word_1_82' title='bbox 853 1445 1091 1532; x_wconf 84' lang='grc' dir='ltr'><strong><em>ἀγοραὶ</em></strong></span> <span class='ocrx_word' id='word_1_83' title='bbox 1136 1449 1552 1532; x_wconf 88' lang='grc' dir='ltr'><strong><em>βουληφόροι</em></strong></span> <span class='ocrx_word' id='word_1_84' title='bbox 1598 1447 1749 1514; x_wconf 79' lang='grc' dir='ltr'><strong><em>οὔτε</em></strong></span> <span class='ocrx_word' id='word_1_85' title='bbox 1794 1445 2132 1531; x_wconf 86' lang='grc' dir='ltr'><strong><em>θέμιστες,</em></strong></span> 
     </span>
     <span class='ocr_line' id='line_1_14' title="bbox 286 1551 1848 1639; baseline -0.001 -20"><span class='ocrx_word' id='word_1_86' title='bbox 286 1551 428 1619; x_wconf 85' lang='grc' dir='ltr'><strong><em>ἀλλ’</em></strong></span> <span class='ocrx_word' id='word_1_87' title='bbox 481 1553 554 1618; x_wconf 80' lang='grc' dir='ltr'><strong><em>οῗ</em></strong></span> <span class='ocrx_word' id='word_1_88' title='bbox 592 1551 653 1636; x_wconf 86' lang='grc' dir='ltr'><strong><em>γ’</em></strong></span> <span class='ocrx_word' id='word_1_89' title='bbox 705 1553 982 1637; x_wconf 76' lang='grc' dir='ltr'><strong><em>ὑψηλῶν</em></strong></span> <span class='ocrx_word' id='word_1_90' title='bbox 1027 1551 1237 1638; x_wconf 89' lang='grc' dir='ltr'><strong><em>ὀρέων</em></strong></span> <span class='ocrx_word' id='word_1_91' title='bbox 1282 1555 1549 1618; x_wconf 88' lang='grc' dir='ltr'><strong><em>ναίουσι</em></strong></span> <span class='ocrx_word' id='word_1_92' title='bbox 1593 1555 1848 1639; x_wconf 89' lang='grc' dir='ltr'><strong><em>κάρηνα</em></strong></span> 
     </span>
     <span class='ocr_line' id='line_1_15' title="bbox 284 1655 1977 1744; baseline -0.001 -18"><span class='ocrx_word' id='word_1_93' title='bbox 284 1659 359 1726; x_wconf 86' lang='grc' dir='ltr'><strong><em>ἐν</em></strong></span> <span class='ocrx_word' id='word_1_94' title='bbox 405 1658 637 1725; x_wconf 83' lang='grc' dir='ltr'><strong><em>σπέσσι</em></strong></span> <span class='ocrx_word' id='word_1_95' title='bbox 682 1663 1117 1743; x_wconf 81' lang='grc' dir='ltr'><strong><em>γλαφυροῖσι,</em></strong></span> <span class='ocrx_word' id='word_1_96' title='bbox 1161 1660 1542 1744; x_wconf 85' lang='grc' dir='ltr'><strong><em>θεμιστεύει</em></strong></span> <span class='ocrx_word' id='word_1_97' title='bbox 1587 1655 1662 1724; x_wconf 73' lang='grc' dir='ltr'><strong><em>δὲ</em></strong></span> <span class='ocrx_word' id='word_1_98' title='bbox 1707 1658 1977 1736; x_wconf 80' lang='grc' dir='ltr'><strong><em>ἕκαστος</em></strong></span> 
     </span>
     <span class='ocr_line' id='line_1_16' title="bbox 283 1763 2301 1851; baseline -0.001 -19"><span class='ocrx_word' id='word_1_99' title='bbox 283 1767 541 1832; x_wconf 78' lang='grc' dir='ltr'><strong><em>παίδων</em></strong></span> <span class='ocrx_word' id='word_1_100' title='bbox 586 1764 693 1850; x_wconf 78' lang='grc' dir='ltr'><strong><em>ἠδ’</em></strong></span> <span class='ocrx_word' id='word_1_101' title='bbox 747 1765 1035 1851; x_wconf 90' lang='grc' dir='ltr'><strong><em>ἀλόχων,</em></strong></span> <span class='ocrx_word' id='word_1_102' title='bbox 1082 1763 1229 1830; x_wconf 80' lang='grc' dir='ltr'><strong><em>οὐδ’</em></strong></span> <span class='ocrx_word' id='word_1_103' title='bbox 1284 1765 1589 1849; x_wconf 90' lang='grc' dir='ltr'><strong><em>ἀλλήλων</em></strong></span> <span class='ocrx_word' id='word_1_104' title='bbox 1634 1765 2004 1850; x_wconf 78' lang='grc' dir='ltr'><strong><em>ἀλέγουσιν.</em></strong></span> <span class='ocrx_word' id='word_1_105' title='bbox 2203 1782 2301 1830; x_wconf 85' lang='grc'><strong><em>115</em></strong></span> 
     </span>
     <span class='ocr_line' id='line_1_17' title="bbox 371 1868 2132 1956; baseline 0 -20"><span class='ocrx_word' id='word_1_106' title='bbox 371 1880 576 1956; x_wconf 80' lang='grc' dir='ltr'><strong><em>νῆσος</em></strong></span> <span class='ocrx_word' id='word_1_107' title='bbox 620 1874 839 1937; x_wconf 82' lang='grc' dir='ltr'><strong><em>ἔπειτα</em></strong></span> <span class='ocrx_word' id='word_1_108' title='bbox 885 1872 1112 1955; x_wconf 86' lang='grc' dir='ltr'><strong><em>λάχεια</em></strong></span> <span class='ocrx_word' id='word_1_109' title='bbox 1156 1868 1364 1956; x_wconf 74' lang='grc' dir='ltr'><strong><em>παρὲκ</em></strong></span> <span class='ocrx_word' id='word_1_110' title='bbox 1409 1869 1672 1955; x_wconf 88' lang='grc' dir='ltr'><strong><em>λιμένος</em></strong></span> <span class='ocrx_word' id='word_1_111' title='bbox 1715 1872 2132 1954; x_wconf 90' lang='grc' dir='ltr'><strong><em>τετάνυσται,</em></strong></span> 
     </span>
     <span class='ocr_line' id='line_1_18' title="bbox 284 1973 1993 2062; baseline 0.001 -19"><span class='ocrx_word' id='word_1_112' title='bbox 284 1981 475 2062; x_wconf 85' lang='grc' dir='ltr'><strong><em>γαίης</em></strong></span> <span class='ocrx_word' id='word_1_113' title='bbox 518 1978 906 2043; x_wconf 83' lang='grc' dir='ltr'><strong><em>Κυκλώπων</em></strong></span> <span class='ocrx_word' id='word_1_114' title='bbox 952 1978 1104 2042; x_wconf 81' lang='grc' dir='ltr'><strong><em>οὔτε</em></strong></span> <span class='ocrx_word' id='word_1_115' title='bbox 1151 1979 1391 2062; x_wconf 82' lang='grc' dir='ltr'><strong><em>σχεδὸν</em></strong></span> <span class='ocrx_word' id='word_1_116' title='bbox 1436 1973 1576 2044; x_wconf 79' lang='grc' dir='ltr'><strong><em>οὔτ’</em></strong></span> <span class='ocrx_word' id='word_1_117' title='bbox 1628 1977 1993 2062; x_wconf 87' lang='grc' dir='ltr'><strong><em>ἀποτηλοῦ,</em></strong></span> 
     </span>
     <span class='ocr_line' id='line_1_19' title="bbox 285 2078 1817 2169; baseline 0.001 -21"><span class='ocrx_word' id='word_1_118' title='bbox 285 2078 586 2167; x_wconf 85' lang='grc' dir='ltr'><strong><em>ὑλήεσσ’·</em></strong></span> <span class='ocrx_word' id='word_1_119' title='bbox 631 2083 706 2149; x_wconf 88' lang='grc' dir='ltr'><strong><em>ἐν</em></strong></span> <span class='ocrx_word' id='word_1_120' title='bbox 752 2078 816 2149; x_wconf 78' lang='grc' dir='ltr'><strong><em>δ’</em></strong></span> <span class='ocrx_word' id='word_1_121' title='bbox 867 2078 1047 2166; x_wconf 80' lang='grc' dir='ltr'><strong><em>αἶγες</em></strong></span> <span class='ocrx_word' id='word_1_122' title='bbox 1091 2081 1457 2169; x_wconf 86' lang='grc' dir='ltr'><strong><em>ἀπειρέσιαι</em></strong></span> <span class='ocrx_word' id='word_1_123' title='bbox 1501 2085 1817 2168; x_wconf 88' lang='grc' dir='ltr'><strong><em>γεγάασιν</em></strong></span> 
     </span>
     <span class='ocr_line' id='line_1_20' title="bbox 287 2184 2071 2277; baseline 0.001 -23"><span class='ocrx_word' id='word_1_124' title='bbox 287 2190 539 2275; x_wconf 88' lang='grc' dir='ltr'><strong><em>ἄγριαι·</em></strong></span> <span class='ocrx_word' id='word_1_125' title='bbox 585 2188 668 2254; x_wconf 89' lang='grc' dir='ltr'><strong><em>οὐ</em></strong></span> <span class='ocrx_word' id='word_1_126' title='bbox 714 2184 837 2273; x_wconf 70' lang='grc' dir='ltr'><strong><em>μὲν</em></strong></span> <span class='ocrx_word' id='word_1_127' title='bbox 882 2190 1009 2274; x_wconf 76' lang='grc' dir='ltr'><strong><em>γὰρ</em></strong></span> <span class='ocrx_word' id='word_1_128' title='bbox 1057 2190 1260 2266; x_wconf 89' lang='grc' dir='ltr'><strong><em>πάτος</em></strong></span> <span class='ocrx_word' id='word_1_129' title='bbox 1306 2188 1686 2275; x_wconf 88' lang='grc' dir='ltr'><strong><em>ἀνθρώπων</em></strong></span> <span class='ocrx_word' id='word_1_130' title='bbox 1732 2190 2071 2277; x_wconf 86' lang='grc' dir='ltr'><strong><em>ἀπερύκει,</em></strong></span> 
     </span>
     <span class='ocr_line' id='line_1_21' title="bbox 288 2292 2301 2382; baseline 0.002 -23"><span class='ocrx_word' id='word_1_131' title='bbox 288 2293 451 2360; x_wconf 80' lang='grc' dir='ltr'><strong><em>οὐδέ</em></strong></span> <span class='ocrx_word' id='word_1_132' title='bbox 492 2318 609 2379; x_wconf 91' lang='grc' dir='ltr'><strong><em>μιν</em></strong></span> <span class='ocrx_word' id='word_1_133' title='bbox 653 2296 1050 2378; x_wconf 81' lang='grc' dir='ltr'><strong><em>εἰσοιχνεῦσι</em></strong></span> <span class='ocrx_word' id='word_1_134' title='bbox 1094 2294 1476 2379; x_wconf 90' lang='grc' dir='ltr'><strong><em>κυνηγέται,</em></strong></span> <span class='ocrx_word' id='word_1_135' title='bbox 1524 2296 1596 2362; x_wconf 82' lang='grc' dir='ltr'><strong><em>οἵ</em></strong></span> <span class='ocrx_word' id='word_1_136' title='bbox 1633 2319 1703 2362; x_wconf 92' lang='grc' dir='ltr'><strong><em>τε</em></strong></span> <span class='ocrx_word' id='word_1_137' title='bbox 1748 2292 1905 2362; x_wconf 86' lang='grc' dir='ltr'><strong><em>καθ’</em></strong></span> <span class='ocrx_word' id='word_1_138' title='bbox 1954 2297 2125 2382; x_wconf 80' lang='grc' dir='ltr'><strong><em>ὕλην</em></strong></span> <span class='ocrx_word' id='word_1_139' title='bbox 2203 2314 2301 2363; x_wconf 80' lang='lat'><strong><em>120</em></strong></span> 
     </span>
     <span class='ocr_line' id='line_1_22' title="bbox 288 2400 1920 2486; baseline 0.001 -19"><span class='ocrx_word' id='word_1_140' title='bbox 288 2402 488 2484; x_wconf 91' lang='grc' dir='ltr'><strong><em>ἄλγεα</em></strong></span> <span class='ocrx_word' id='word_1_141' title='bbox 533 2400 902 2484; x_wconf 90' lang='grc' dir='ltr'><strong><em>πάσχουσιν</em></strong></span> <span class='ocrx_word' id='word_1_142' title='bbox 945 2402 1246 2485; x_wconf 77' lang='grc' dir='ltr'><strong><em>κορυφὰς</em></strong></span> <span class='ocrx_word' id='word_1_143' title='bbox 1291 2400 1505 2486; x_wconf 88' lang='grc' dir='ltr'><strong><em>ὀρέων</em></strong></span> <span class='ocrx_word' id='word_1_144' title='bbox 1550 2400 1920 2486; x_wconf 78' lang='grc' dir='ltr'><strong><em>ἐφέποντες.</em></strong></span> 
     </span>
     <span class='ocr_line' id='line_1_23' title="bbox 289 2501 2080 2594; baseline 0.001 -22"><span class='ocrx_word' id='word_1_145' title='bbox 289 2501 429 2572; x_wconf 82' lang='grc' dir='ltr'><strong><em>οὔτ’</em></strong></span> <span class='ocrx_word' id='word_1_146' title='bbox 481 2507 609 2592; x_wconf 88' lang='grc' dir='ltr'><strong><em>ἄρα</em></strong></span> <span class='ocrx_word' id='word_1_147' title='bbox 652 2507 1012 2591; x_wconf 81' lang='grc' dir='ltr'><strong><em>ποίμνῃσιν</em></strong></span> <span class='ocrx_word' id='word_1_148' title='bbox 1054 2509 1471 2591; x_wconf 86' lang='grc' dir='ltr'><strong><em>καταΐσχεται</em></strong></span> <span class='ocrx_word' id='word_1_149' title='bbox 1517 2502 1657 2574; x_wconf 79' lang='grc' dir='ltr'><strong><em>οὔτ’</em></strong></span> <span class='ocrx_word' id='word_1_150' title='bbox 1711 2507 2080 2594; x_wconf 90' lang='grc' dir='ltr'><strong><em>ἀρότοισιν,</em></strong></span> 
     </span>
     <span class='ocr_line' id='line_1_24' title="bbox 288 2606 2054 2698; baseline 0 -19"><span class='ocrx_word' id='word_1_151' title='bbox 288 2607 432 2679; x_wconf 85' lang='grc' dir='ltr'><strong><em>ἀλλ’</em></strong></span> <span class='ocrx_word' id='word_1_152' title='bbox 483 2613 526 2696; x_wconf 78' lang='grc' dir='ltr'><strong>ἤ</strong></span> <span class='ocrx_word' id='word_1_153' title='bbox 570 2606 633 2696; x_wconf 86' lang='grc' dir='ltr'><strong><em>γ’</em></strong></span> <span class='ocrx_word' id='word_1_154' title='bbox 686 2612 1016 2697; x_wconf 73' lang='grc' dir='ltr'><strong><em>ἄσπαρτος</em></strong></span> <span class='ocrx_word' id='word_1_155' title='bbox 1059 2610 1171 2677; x_wconf 84' lang='grc' dir='ltr'><strong><em>καὶ</em></strong></span> <span class='ocrx_word' id='word_1_156' title='bbox 1216 2611 1538 2698; x_wconf 89' lang='grc' dir='ltr'><strong><em>ἀνήροτος</em></strong></span> <span class='ocrx_word' id='word_1_157' title='bbox 1582 2614 1796 2698; x_wconf 81' lang='grc' dir='ltr'><strong><em>ἤματα</em></strong></span> <span class='ocrx_word' id='word_1_158' title='bbox 1840 2616 2054 2680; x_wconf 87' lang='grc' dir='ltr'><strong><em>πάντα</em></strong></span> 
     </span>
     <span class='ocr_line' id='line_1_25' title="bbox 288 2715 1991 2806; baseline 0.001 -21"><span class='ocrx_word' id='word_1_159' title='bbox 288 2720 555 2806; x_wconf 79' lang='grc' dir='ltr'><strong><em>ἀνδρῶν</em></strong></span> <span class='ocrx_word' id='word_1_160' title='bbox 598 2717 893 2803; x_wconf 91' lang='grc' dir='ltr'><strong><em>χηρεύει,</em></strong></span> <span class='ocrx_word' id='word_1_161' title='bbox 939 2719 1164 2801; x_wconf 87' lang='grc' dir='ltr'><strong><em>βόσκει</em></strong></span> <span class='ocrx_word' id='word_1_162' title='bbox 1210 2715 1290 2783; x_wconf 78' lang='grc' dir='ltr'><strong><em>δέ</em></strong></span> <span class='ocrx_word' id='word_1_163' title='bbox 1330 2742 1400 2784; x_wconf 91' lang='grc' dir='ltr'><strong><em>τε</em></strong></span> <span class='ocrx_word' id='word_1_164' title='bbox 1445 2720 1740 2804; x_wconf 79' lang='grc' dir='ltr'><strong><em>μηκάδας</em></strong></span> <span class='ocrx_word' id='word_1_165' title='bbox 1785 2715 1991 2803; x_wconf 84' lang='grc' dir='ltr'><strong><em>αἶγας.</em></strong></span> 
     </span>
     <span class='ocr_line' id='line_1_26' title="bbox 290 2823 2300 2912; baseline -0 -19"><span class='ocrx_word' id='word_1_166' title='bbox 290 2827 372 2893; x_wconf 85' lang='grc' dir='ltr'><strong><em>οὐ</em></strong></span> <span class='ocrx_word' id='word_1_167' title='bbox 416 2827 544 2912; x_wconf 79' lang='grc' dir='ltr'><strong><em>γὰρ</em></strong></span> <span class='ocrx_word' id='word_1_168' title='bbox 589 2825 1026 2890; x_wconf 85' lang='grc' dir='ltr'><strong><em>Κυκλώπεσσι</em></strong></span> <span class='ocrx_word' id='word_1_169' title='bbox 1069 2823 1213 2902; x_wconf 87' lang='grc' dir='ltr'><strong><em>νέες</em></strong></span> <span class='ocrx_word' id='word_1_170' title='bbox 1257 2826 1436 2910; x_wconf 88' lang='grc' dir='ltr'><strong><em>πάρα</em></strong></span> <span class='ocrx_word' id='word_1_171' title='bbox 1482 2827 1945 2911; x_wconf 79' lang='grc' dir='ltr'><strong><em>μιλτοπάρῃοι,</em></strong></span> <span class='ocrx_word' id='word_1_172' title='bbox 2203 2845 2300 2892; x_wconf 81' lang='lat'><strong><em>125</em></strong></span> 
     </span>
     <span class='ocr_line' id='line_1_27' title="bbox 291 2927 2019 3016; baseline 0 -18"><span class='ocrx_word' id='word_1_173' title='bbox 291 2927 435 2998; x_wconf 76' lang='grc' dir='ltr'><strong><em>οὐδ’</em></strong></span> <span class='ocrx_word' id='word_1_174' title='bbox 488 2933 725 3016; x_wconf 81' lang='grc' dir='ltr'><strong><em>ἄνδρες</em></strong></span> <span class='ocrx_word' id='word_1_175' title='bbox 770 2942 951 3014; x_wconf 83' lang='grc' dir='ltr'><strong><em>νηῶν</em></strong></span> <span class='ocrx_word' id='word_1_176' title='bbox 997 2933 1097 2995; x_wconf 78' lang='grc' dir='ltr'><strong><em>ἔνι</em></strong></span> <span class='ocrx_word' id='word_1_177' title='bbox 1141 2929 1468 3015; x_wconf 87' lang='grc' dir='ltr'><strong><em>τέκτονες,</em></strong></span> <span class='ocrx_word' id='word_1_178' title='bbox 1516 2933 1588 2997; x_wconf 83' lang='grc' dir='ltr'><strong><em>οἵ</em></strong></span> <span class='ocrx_word' id='word_1_179' title='bbox 1626 2955 1700 2997; x_wconf 89' lang='grc' dir='ltr'><strong><em>κε</em></strong></span> <span class='ocrx_word' id='word_1_180' title='bbox 1744 2934 2019 3015; x_wconf 87' lang='grc' dir='ltr'><strong><em>κάμοιεν</em></strong></span> 
     </span>
     <span class='ocr_line' id='line_1_28' title="bbox 295 3036 1812 3121; baseline 0.001 -18"><span class='ocrx_word' id='word_1_181' title='bbox 295 3046 453 3121; x_wconf 86' lang='grc' dir='ltr'><strong><em>νῆας</em></strong></span> <span class='ocrx_word' id='word_1_182' title='bbox 497 3036 924 3120; x_wconf 80' lang='grc' dir='ltr'><strong><em>ἐυσσέλμους,</em></strong></span> <span class='ocrx_word' id='word_1_183' title='bbox 971 3037 1047 3103; x_wconf 80' lang='grc' dir='ltr'><strong><em>αἵ</em></strong></span> <span class='ocrx_word' id='word_1_184' title='bbox 1085 3061 1200 3103; x_wconf 90' lang='grc' dir='ltr'><strong><em>κεν</em></strong></span> <span class='ocrx_word' id='word_1_185' title='bbox 1244 3037 1529 3104; x_wconf 90' lang='grc' dir='ltr'><strong><em>τελέοιεν</em></strong></span> <span class='ocrx_word' id='word_1_186' title='bbox 1575 3037 1812 3104; x_wconf 80' lang='grc' dir='ltr'><strong><em>ἕκαστα</em></strong></span> 
     </span>
     <span class='ocr_line' id='line_1_29' title="bbox 291 3136 2027 3229; baseline 0.001 -20"><span class='ocrx_word' id='word_1_187' title='bbox 291 3137 466 3209; x_wconf 84' lang='grc' dir='ltr'><strong><em>ἄστε’</em></strong></span> <span class='ocrx_word' id='word_1_188' title='bbox 518 3137 617 3208; x_wconf 91' lang='grc' dir='ltr'><strong><em>ἐπ’</em></strong></span> <span class='ocrx_word' id='word_1_189' title='bbox 669 3142 1047 3228; x_wconf 88' lang='grc' dir='ltr'><strong><em>ἀνθρώπων</em></strong></span> <span class='ocrx_word' id='word_1_190' title='bbox 1094 3145 1500 3229; x_wconf 74' lang='grc' dir='ltr'><strong><em>ἱκνεύμεναι,</em></strong></span> <span class='ocrx_word' id='word_1_191' title='bbox 1548 3136 1656 3210; x_wconf 89' lang='grc' dir='ltr'><strong><em>οἷά</em></strong></span> <span class='ocrx_word' id='word_1_192' title='bbox 1701 3168 1772 3211; x_wconf 89' lang='grc' dir='ltr'><strong><em>τε</em></strong></span> <span class='ocrx_word' id='word_1_193' title='bbox 1816 3147 2027 3211; x_wconf 85' lang='grc' dir='ltr'><strong><em>πολλὰ</em></strong></span> 
     </span>
     <span class='ocr_line' id='line_1_30' title="bbox 292 3244 2089 3336; baseline 0.002 -22"><span class='ocrx_word' id='word_1_194' title='bbox 292 3251 529 3335; x_wconf 68' lang='grc' dir='ltr'><strong><em>ἄνδρες</em></strong></span> <span class='ocrx_word' id='word_1_195' title='bbox 574 3244 673 3314; x_wconf 89' lang='grc' dir='ltr'><strong><em>ἐπ’</em></strong></span> <span class='ocrx_word' id='word_1_196' title='bbox 725 3249 1052 3334; x_wconf 87' lang='grc' dir='ltr'><strong><em>ἀλλήλους</em></strong></span> <span class='ocrx_word' id='word_1_197' title='bbox 1095 3248 1337 3334; x_wconf 86' lang='grc' dir='ltr'><strong><em>νηυσὶν</em></strong></span> <span class='ocrx_word' id='word_1_198' title='bbox 1380 3254 1669 3336; x_wconf 92' lang='grc' dir='ltr'><strong><em>περόωσι</em></strong></span> <span class='ocrx_word' id='word_1_199' title='bbox 1712 3253 2089 3317; x_wconf 87' lang='grc' dir='ltr'><strong><em>θάλασσαν·</em></strong></span> 
     </span>
     <span class='ocr_line' id='line_1_31' title="bbox 292 3354 2302 3442; baseline 0.001 -21"><span class='ocrx_word' id='word_1_200' title='bbox 292 3357 365 3422; x_wconf 80' lang='grc' dir='ltr'><strong><em>οἵ</em></strong></span> <span class='ocrx_word' id='word_1_201' title='bbox 403 3354 482 3422; x_wconf 86' lang='grc' dir='ltr'><strong><em>κέ</em></strong></span> <span class='ocrx_word' id='word_1_202' title='bbox 520 3372 686 3440; x_wconf 93' lang='grc' dir='ltr'><strong><em>σφιν</em></strong></span> <span class='ocrx_word' id='word_1_203' title='bbox 730 3354 840 3422; x_wconf 85' lang='grc' dir='ltr'><strong><em>καὶ</em></strong></span> <span class='ocrx_word' id='word_1_204' title='bbox 884 3365 1094 3440; x_wconf 81' lang='grc' dir='ltr'><strong><em>νῆσον</em></strong></span> <span class='ocrx_word' id='word_1_205' title='bbox 1141 3356 1528 3442; x_wconf 88' lang='grc' dir='ltr'><strong><em>ἐυκτιμένην</em></strong></span> <span class='ocrx_word' id='word_1_206' title='bbox 1575 3357 1911 3442; x_wconf 91' lang='grc' dir='ltr'><strong><em>ἐκάμοντο.</em></strong></span> <span class='ocrx_word' id='word_1_207' title='bbox 2201 3376 2302 3424; x_wconf 80' lang='lat'><strong><em>130</em></strong></span> 
     </span>
     <span class='ocr_line' id='line_1_32' title="bbox 290 3458 2195 3549; baseline 0 -20"><span class='ocrx_word' id='word_1_208' title='bbox 290 3462 375 3529; x_wconf 83' lang='grc' dir='ltr'><strong><em>οὐ</em></strong></span> <span class='ocrx_word' id='word_1_209' title='bbox 419 3458 542 3548; x_wconf 71' lang='grc' dir='ltr'><strong><em>μὲν</em></strong></span> <span class='ocrx_word' id='word_1_210' title='bbox 587 3462 712 3545; x_wconf 89' lang='grc' dir='ltr'><strong><em>γάρ</em></strong></span> <span class='ocrx_word' id='word_1_211' title='bbox 756 3484 821 3526; x_wconf 89' lang='grc' dir='ltr'><strong><em>τι</em></strong></span> <span class='ocrx_word' id='word_1_212' title='bbox 863 3465 1029 3547; x_wconf 88' lang='grc' dir='ltr'><strong><em>κακή</em></strong></span> <span class='ocrx_word' id='word_1_213' title='bbox 1074 3487 1178 3547; x_wconf 90' lang='grc' dir='ltr'><strong><em>γε,</em></strong></span> <span class='ocrx_word' id='word_1_214' title='bbox 1226 3462 1422 3549; x_wconf 93' lang='grc' dir='ltr'><strong><em>φέροι</em></strong></span> <span class='ocrx_word' id='word_1_215' title='bbox 1468 3461 1547 3529; x_wconf 78' lang='grc' dir='ltr'><strong><em>δέ</em></strong></span> <span class='ocrx_word' id='word_1_216' title='bbox 1585 3486 1700 3529; x_wconf 88' lang='grc' dir='ltr'><strong><em>κεν</em></strong></span> <span class='ocrx_word' id='word_1_217' title='bbox 1746 3465 1911 3547; x_wconf 79' lang='grc' dir='ltr'><strong><em>ὥρια</em></strong></span> <span class='ocrx_word' id='word_1_218' title='bbox 1956 3466 2195 3529; x_wconf 86' lang='grc' dir='ltr'><strong><em>πάντα·</em></strong></span> 
     </span>
    </p>
   </div>
  </div>
 </body>
</html>
