2646 3932
1009 211 1425 263 ΟΔΤΣΣΕῙΔΣ
1460 212 1533 262 11.
2197 209 2278 272 15

254 365 427 419 τοῖσι
475 349 550 419 δὲ
593 351 1055 438 τερπομένοισι
1100 352 1299 436 μέλας
1345 351 1453 418 ἐπὶ
1498 352 1773 437 ἕσπερος
1818 348 2056 436 ἦλθεν·

258 461 339 542 δὴ
386 462 532 524 τότε
579 462 993 535 κακκείοντες
1038 461 1198 542 ἔβαν
1244 459 1508 524 οἰκόνδε
1554 457 1841 535 ἕκαστος.

266 563 643 649 Τηλέμαχος
689 562 790 647 δ’,
837 564 954 630 ὅθι
1000 565 1072 629 οἰ
1109 565 1413 649 θάλαμος
1456 563 1881 650 περικαλλέος
1926 566 2131 649 αὐλῆς
2176 582 2278 630 426

255 671 509 754 ὑψηλὸς
555 669 840 755 δέδμητο
886 669 1291 759 περισκέπτῳ
1340 669 1440 736 ἐνὶ
1483 671 1709 761 χώρῳ,

258 775 404 843 ἔνθ’
460 779 575 860 ἒβη
624 779 720 854 εἰς
766 778 969 861 εὐνὴν
1013 778 1226 842 πολλὰ
1271 775 1472 862 φρεσὶ
1516 780 1944 865 μερμηρίζων.

257 892 347 971 τῷ
397 880 460 949 δ’
514 879 622 967 ἄρ’
675 879 785 965 ἅμ’
839 882 1202 967 αὐθομένας
1247 883 1483 960 δαΐδας
1529 883 1689 970 φέρε
1734 885 1937 949 κεδνὰ
1984 885 2168 948 ἰδυῖα

258 985 642 1074 Εὐρύκλει’,
679 979 881 1066 Ὦπος
922 990 1229 1076 θυγάτηρ
1279 991 1799 1075 Πεισηνορίδαο,

258 1097 381 1178 τήν
424 1116 582 1160 ποτε
628 1094 929 1180 Λαέρτης
971 1097 1209 1180 πρίατο
1253 1095 1632 1160 κτεάτεσσιν
1678 1095 1889 1161 ἑοῖσιν
2178 1112 2283 1161 430

259 1202 636 1286 πρωθήβην
681 1197 772 1266 ἔτ’
826 1200 1102 1285 ἐοῦσαν,
1151 1201 1563 1284 ἐεικοσάβοια
1608 1199 1670 1265 δ’
1724 1203 2000 1285 ἔδωκεν,

264 1304 376 1372 ἶσα
423 1306 501 1372 δέ
542 1330 659 1391 μιν
702 1309 904 1393 κεδνῇ
951 1308 1165 1396 ἀλόχῳ
1210 1313 1351 1374 τίεν
1395 1308 1470 1374 ἐν
1514 1307 1930 1393 μεγάροισιν,

262 1414 423 1498 εὐνῇ
472 1411 534 1478 δ’
587 1414 671 1478 οὔ
715 1411 863 1478 ποτ’
917 1417 1168 1499 ἔμικτο,
1197 1417 1417 1499 χόλον
1463 1410 1525 1478 δ’
1578 1413 1828 1480 ἀλέεινε
1873 1417 2213 1497 γυναικός·

262 1521 304 1603 ἤ
353 1520 424 1585 οἱ
464 1517 574 1602 ἀμ’
627 1518 992 1604 αἰθομένας
1037 1522 1271 1597 δαΐδας
1317 1518 1509 1604 φέρε,
1555 1523 1671 1585 καί
1710 1518 1744 1585 ἑ
1785 1521 2066 1604 μάλιστα

264 1626 549 1710 δμωάων
595 1625 927 1710 φιλέεσκε,
973 1625 1083 1692 καὶ
1127 1629 1360 1713 ἔτρεφε
1404 1627 1656 1691 τυτθὸν
1702 1624 1912 1690 ἐόντα.
2180 1644 2285 1693 435

264 1733 457 1811 ὤιξεν
503 1728 576 1796 δὲ
621 1733 840 1816 θύρας
883 1734 1194 1816 θαλάμου
1239 1733 1414 1797 πύκα
1458 1743 1789 1815 ποιητοῖο,

268 1838 442 1916 ἕζετο
493 1835 558 1901 δ’
612 1838 686 1904 ἐν
732 1837 1008 1926 λέκτρῳ,
1055 1839 1350 1923 μαλακὸν
1396 1834 1457 1902 δ’
1510 1838 1744 1904 ἔκδυνε
1789 1850 2058 1923 χιτῶνα·

264 1941 374 2010 καὶ
418 1944 536 2009 τὸν
580 1940 703 2028 μὲν
747 1949 980 2031 γραίης
1024 1943 1426 2029 πυκιμηδέος
1471 1946 1711 2028 ἔμβαλε
1756 1948 1999 2030 χερσίν.

267 2051 305 2133 ἡ
353 2046 476 2135 μὲν
519 2052 638 2115 τὸν
681 2052 978 2132 πτύξασα
1022 2050 1133 2117 καὶ
1180 2052 1522 2136 ἀσκήσασα
1565 2062 1842 2135 χιτῶνα,

264 2157 581 2243 πασσάλῳ
627 2156 1091 2242 ἀγκρεμάσασα
1136 2158 1314 2243 παρὰ
1357 2168 1655 2241 τρητοῖσι
1700 2155 2001 2241 λέχεσσιν
2182 2174 2285 2223 440

265 2267 350 2345 βῆ
399 2261 460 2346 ῤ’
515 2269 662 2346 ἴμεν
708 2262 779 2329 ἐκ
824 2265 1186 2348 θαλάμοιο,
1231 2264 1458 2349 θύρην
1504 2260 1565 2327 δ’
1620 2260 1936 2346 ἐπέρυσσε
1981 2264 2243 2350 κορώνῃ

268 2368 589 2454 ἀργυρέῃ,
636 2366 740 2433 ἐπὶ
788 2365 862 2434 δὲ
905 2367 1120 2452 κληῖδ’
1173 2368 1535 2435 ἐτάνυσσεν
1581 2369 1816 2453 ἱμάντι.

267 2473 413 2541 ἕνθ’
466 2475 504 2539 ὅ
550 2498 623 2557 γε
668 2476 1058 2559 παννύχιος,
1104 2473 1592 2560 κεκαλυμμένος
1638 2476 1776 2552 οἰὸς
1822 2474 2041 2564 ἀώτῳ,

268 2583 547 2666 βούλευε
593 2581 835 2667 φρεσὶν
880 2574 1034 2668 ᾗσιν
1080 2582 1270 2663 ὁδόν,
1316 2583 1441 2665 τὴν
1485 2578 1773 2666 πέφραδ’
1819 2578 2116 2667 Ἀθήνη.’

1073 2832 1495 2841 ———

881 2994 1544 3072 ΟΔΤΣΣΕΙΑΣ
1596 2997 1682 3073 Β.

266 3256 785 3353 Ἰθακησίων
849 3255 1146 3354 ἀγορά.
1256 3255 1775 3354 Τηλεμάχου
1827 3256 2300 3352 ἀποδημία,

260 3418 468 3510 Ἦμος
513 3422 574 3491 δ’
626 3425 961 3512 ἠριγένεια
1007 3405 1188 3511 φάνη
1235 3426 1727 3513 ῥοδοδάκτυλος
1767 3424 1968 3507 Ἠώς,

269 3530 512 3615 ὤρνυτ’
565 3531 670 3617 ἄρ’
723 3532 790 3613 ἐξ
836 3532 1123 3619 εὐνῆφιν
1161 3530 1520 3617 Ὀδυσσῆος
1566 3536 1763 3617 φίλος
1806 3532 1952 3608 υἱὸς
