2646 3932
923 182 1340 233 οΔΤΣΣΕιΑΣ
1377 184 1524 234 vm.
2107 183 2236 246 125

213 315 320 404 ἠδ’
373 317 478 403 ἄρ’
531 319 757 407 ἑτοῖμα
801 321 1098 388 τέτυκτο·
1145 322 1343 407 σέβας
1385 320 1453 408 μ’
1506 326 1639 409 ἔχει
1684 327 2155 410 εἰσορόωντα.“

303 421 392 504 ὧς
436 427 641 513 φάτο,
687 429 988 511 γήθησεν
1035 422 1096 493 δ’
1150 428 1332 513 ἱερὸν
1377 427 1575 513 μένος
1613 426 2011 515 Ἀλκινόοιο,
2130 449 2233 498 385

214 527 380 610 αἶψα
424 528 498 598 δὲ
550 535 912 617 Φαιήκεσσι
958 531 1419 618 φιληρέτμοισι
1465 535 1782 618 μετηύδα·

213 635 556 722 ,,κέκλυτε,
610 641 925 722 Φαιήκων
968 638 1288 725 ἡγήτορες
1333 636 1452 723 ἠδὲ
1497 639 1825 725 μέδοντες.

212 743 249 810 ὁ
297 743 509 823 ξεῖνος
552 744 727 828 μάλα
771 767 886 829 μοι
932 742 1147 810 δοκέει
1191 743 1608 830 πεπνυμένος
1653 741 1853 812 εἶναι·

212 847 357 915 ἀλλ’
411 850 526 933 ἄγε
574 850 645 916 oc
684 851 905 934 δῶμεν
951 849 1270 935 ξεινήιον,
1317 851 1408 928 ὡς
1452 850 1744 929 ἐπιεικές.

214 956 469 1021 δώδεκα
515 955 643 1040 γὰρ
688 957 852 1021 κατὰ
900 957 1115 1040 δῆμον
1161 955 1548 1042 ἀριπρεπέες
1592 960 1904 1042 βασιλῆες
2129 975 2234 1025 390

214 1059 406 1146 ἀρχοὶ
449 1063 829 1146 κραίνουσι,
875 1060 1409 1146 τρισκαιδέκατος
1454 1057 1515 1128 δ’
1567 1062 1695 1147 ἐγὼ
1742 1063 1967 1141 αὐτός·

194 1172 347 1232 ’τῶν
392 1166 464 1232 οἰ
502 1165 775 1244 ἕκαστος
818 1176 1035 1252 φᾶρος
1078 1164 1399 1245 ἐυπλυνὲς
1442 1165 1562 1252 ἠδὲ
1607 1181 1853 1253 χιτῶνα

212 1269 323 1338 καὶ
367 1283 642 1358 χρυσοῖο
688 1273 1014 1338 τάλαντον
1059 1272 1350 1340 ἐνείκατε
1393 1276 1753 1358 τιμήεντος.

214 1373 376 1456 αἶψα
424 1373 498 1443 δὲ
541 1378 756 1443 πάντα
801 1376 1108 1464 φέρωμεν
1153 1377 1425 1463 ἀολλέα,
1473 1374 1630 1465 ὄφρ’
1682 1378 1784 1446 ἐνὶ
1829 1380 2057 1467 χερσὶν

215 1483 426 1563 ξεῖνος
471 1486 640 1568 ἔχων
686 1482 793 1549 έπὶ
838 1485 1093 1569 δόρπον
1138 1490 1206 1570 ἴῃ
1252 1488 1503 1570 χαίρων
1549 1484 1652 1552 ένὶ
1694 1492 1912 1576 θυμῷ.
2130 1505 2232 1554 395

213 1589 564 1674 Εὐρύαλος
608 1587 687 1655 δέ
728 1587 762 1655 ἕ
805 1591 1011 1655 αὐτὸν
1057 1589 1454 1676 ἀρεσσάσθω
1501 1590 1802 1658 έπέεσσιν

213 1693 324 1760 καὶ
370 1695 592 1784 δώρφ,
641 1693 783 1761 ἐπεὶ
829 1697 912 1761 οὔ
956 1720 1021 1761 τι
1067 1699 1224 1773 ἔπος
1266 1698 1432 1762 κατὰ
1477 1708 1721 1782 μοῖραν
1767 1700 2046 1764 ἔειπεν.“

305 1794 394 1877 ὧς
437 1795 667 1886 ἔφαθ’,
714 1801 785 1866 οἱ
825 1795 888 1867 δ’
940 1802 1067 1887 ἄρα
1111 1803 1351 1879 πάντες
1397 1801 1676 1888 ἐπῄνεον
1720 1801 1840 1888 ἠδὲ
1883 1801 2188 1886 κέλευον,

216 1907 397 1992 δῶρα
444 1903 506 1973 δ’
559 1901 664 1994 ἄρ’
718 1904 1052 1992 οἰσέμεναι
1095 1909 1388 1994 πρόεσαν
1432 1910 1687 1994 κήρυκα
1732 1908 2019 1986 ἕκαστος.

214 2015 332 2078 τὸν
377 2008 438 2079 δ’
490 2007 635 2079 αὖτ’
685 2013 1037 2100 Εὐρύαλος
1083 2013 1477 2099 ἀπαμείβετο
1524 2015 1838 2100 φώνησέν
1882 2035 1981 2082 τε·
2128 2033 2234 2083 400

217 2112 547 2202 ,,Ἀλκίνοε
590 2130 849 2205 κρεῖον,
894 2120 1165 2185 πάντων
1209 2120 1571 2205 ἀριδείκετε
1615 2125 1826 2205 λαῶν,

215 2226 447 2310 τοιγὰρ
493 2225 620 2308 ἐγὼ
665 2226 784 2290 τὸν
829 2225 1047 2304 ξεῖνον
1092 2223 1485 2310 ἀρέσσομαι,
1531 2226 1621 2303 ὡς
1665 2229 1753 2293 σὺ
1795 2227 2098 2304 κελεύεις.

218 2332 412 2397 δώσω
459 2332 531 2397 οἱ
569 2327 709 2396 τόδ’
762 2332 887 2416 ἄορ
931 2331 1377 2415 παγχάλκεον,
1423 2322 1476 2420 ᾧ
1523 2333 1629 2396 ἔπι
1673 2333 1859 2416 κώπη

219 2435 539 2523 ἀργυρέη,
584 2438 819 2503 κολεὸν
865 2433 939 2503 δὲ
983 2439 1381 2522 νεοπρίστου
1427 2435 1784 2522 ἐλέφαντος

218 2542 757 2628 ἀμφιδεδίνηται·
800 2541 1036 2620 πολέος
1082 2540 1161 2608 δέ
1201 2543 1272 2608 οἱ
1311 2541 1500 2620 ἄξιον
1545 2545 1791 2609 ἔσται.“
2130 2559 2234 2609 405

307 2643 397 2726 ὧς
440 2650 644 2714 εἰπὼν
690 2647 763 2713 έν
806 2646 994 2732 χερσὶ
1037 2651 1213 2713 τίθει
1258 2648 1451 2732 ξίφος
1495 2647 1916 2734 ἀργυρόηλον

217 2757 334 2820 καί
372 2778 488 2839 μιν
533 2756 850 2839 φωνήσας
893 2756 1050 2819 ἔπεα
1092 2755 1451 2838 πτερόεντα
1495 2755 1870 2841 προσηύδα·

217 2871 478 2946 ,,χαῖρε,
523 2860 727 2944 πάτερ
773 2854 825 2924 ὦ
872 2859 1059 2938 ξεῖνε.
1150 2861 1306 2936 ἔπος
1353 2854 1415 2925 δ’
1467 2865 1536 2925 εἴ
1572 2858 1695 2945 πέρ
1739 2884 1805 2924 τι
1848 2859 2160 2944 βέβακται

218 2967 473 3048 δεινόν,
520 2966 701 3050 ἄφαρ
746 2966 820 3030 τὸ
867 2963 1139 3049 φέροιεν
1185 2963 1641 3050 ἀναρπάξασαι
1688 2966 1931 3031 ἄελλαι.

217 3068 328 3137 σοὶ
373 3066 448 3136 δὲ
490 3067 644 3136 θεοὶ
689 3071 933 3154 ἄλοχόν
975 3062 1036 3134 τ’
1089 3067 1291 3135 ἰδέειν
1337 3067 1447 3135 καὶ
1491 3065 1754 3154 πατρίδ’
1807 3068 2070 3137 ἱκέσθαι
2128 3087 2234 3138 410

219 3178 433 3258 δοῖεν,
481 3173 622 3240 ἐπεὶ
666 3175 749 3259 δὴ
798 3175 979 3259 δηθὰ
1025 3177 1243 3259 φίλων
1288 3176 1417 3240 ἄπο
1462 3178 1726 3260 πήματα
1768 3176 2100 3261 πάσχεις.“

305 3282 425 3346 τὸν
461 3274 523 3345 δ’
567 3279 1087 3365 ἀπαμειβόμενος
1121 3278 1423 3366 προσέφη
1462 3281 1825 3365 πολύμητις
1855 3278 2233 3359 Ὀδυσσεύς·

219 3383 375 3471 ,,καὶ
423 3388 507 3451 σὺ
553 3389 748 3470 φίλος
794 3386 968 3469 μάλα
1013 3396 1229 3470 χαῖρε,
1273 3384 1429 3453 θεοὶ
1476 3385 1555 3453 δέ
1591 3409 1697 3452 τοι
1742 3388 1933 3470 ὄλβια
1978 3387 2179 3452 δοῖεν.

218 3490 391 3578 μηδέ
430 3494 501 3557 τί
537 3514 642 3556 τοι
687 3490 909 3576 ξίφεός
952 3514 1027 3574 γε
1072 3493 1254 3575 ποθὴ
1301 3494 1661 3576 μετόπισθε
1704 3491 1965 3575 γένοιτο
