2646 3932
411 200 498 264 80
1165 201 1582 252 οΔΤΣΣΕΙΑΣ
1616 202 1679 251 Ε.

404 338 491 427 ,,ἦ
541 344 624 427 δὴ
672 343 934 428 ἀλιτρός
977 337 1041 426 γ’
1094 342 1238 408 ἐσσὶ
1281 341 1393 408 καὶ
1439 341 1561 408 οὐκ
1608 341 1957 425 ἀποφώλια
2002 339 2223 416 εἰδώς·

400 442 552 514 οἷον
598 449 680 532 δὴ
725 450 845 514 τὸν
890 453 1114 533 μῦθον
1161 448 1588 533 ἐπεφράσθης
1633 446 2008 532 ἀγορεῦσαι.

400 562 561 620 ἴστω
608 564 735 620 νῦν
779 556 933 620 τόδε
978 564 1134 638 γαῖα
1177 552 1288 619 καὶ
1336 553 1621 639 οὐρανὸς
1664 553 1864 637 εὐρὺς
1907 551 2204 637 ὕπερθεν

400 659 511 725 καὶ
554 662 630 727 τὸ
674 662 1142 744 κατειβόμενον
1187 660 1450 742 Στυγὸς
1493 658 1709 744 ὕδωρ,
1755 658 1829 734 ὅς
1871 681 1942 723 τε
1978 655 2285 741 μέγιστος
2325 673 2425 722 185

400 768 597 853 ὅρκος
642 768 1017 843 δεινότατός
1061 790 1129 833 τε
1176 766 1359 832 πέλει
1406 767 1767 851 μακάρεσσι
1809 770 2106 847 θεοῖσιν,

402 875 492 957 μή
535 876 608 939 τί
644 896 749 939 τοι
794 871 970 960 αὐτῷ
1018 880 1202 956 πῆμα
1245 872 1452 936 κακὸν
1496 868 1941 955 βουλευσέμεν
1987 870 2165 934 ἄλλο.

404 978 574 1043 ἀλλὰ
617 980 700 1045 τὰ
746 974 868 1063 μὲν
913 977 1082 1044 νοέω
1128 976 1239 1043 καὶ
1284 977 1691 1062 φράσσομαι,
1738 972 1885 1041 ἅσσ’
1938 974 2023 1040 ἂν
2068 975 2221 1060 ἐμοί
2258 997 2381 1061 περ

401 1085 571 1169 αὐτῇ
619 1086 983 1170 μηδοίμην,
1028 1084 1138 1148 ὅτε
1183 1108 1262 1167 με
1306 1084 1505 1169 χρειὼ
1549 1085 1752 1147 τόσον
1798 1083 1958 1147 ἵκοι·

403 1189 518 1255 καὶ
564 1192 691 1277 γὰρ
731 1188 876 1275 ἐμοὶ
913 1193 1070 1267 νόος
1106 1188 1286 1255 ἐστὶν
1323 1187 1682 1272 ἐναίσιμος,
1721 1186 1885 1253 οὐδέ
1916 1211 2030 1272 μοι
2066 1187 2233 1273 αὐτῇ
2326 1203 2427 1252 190

402 1298 622 1380 θυμὸς
668 1295 769 1362 ἐνὶ
815 1298 1136 1380 στήθεσσι
1181 1296 1517 1380 σιδήρεος,
1565 1289 1707 1359 ἀλλ’
1760 1293 2118 1378 ἐλεήμων.“

495 1397 585 1479 ὧς
630 1403 758 1488 ἄρα
803 1397 1147 1487 φωνήσασ’
1197 1401 1490 1485 ἡγήσατο
1539 1402 1650 1465 δῖα
1694 1401 1921 1465 θεάων

403 1511 855 1593 καρπαλίμως·
902 1507 938 1573 ὁ
986 1502 1048 1572 δ’
1099 1510 1320 1572 ἔπειτα
1366 1501 1503 1591 μετ’
1556 1512 1735 1590 ἴχνια
1778 1509 1965 1589 βαῖνε
2011 1511 2221 1570 θεοῖο.

406 1604 550 1691 ἷξον
596 1609 670 1678 δὲ
716 1623 939 1688 σπεῖος
984 1614 1333 1698 γλαφυρὸν
1376 1613 1537 1689 θεὸς
1581 1608 1700 1695 ἠδὲ
1744 1609 1855 1677 καὶ
1900 1611 2099 1696 ἀνήρ,

405 1721 522 1783 καί
543 1714 605 1803 ῤ’
640 1718 676 1784 ὁ
705 1715 826 1803 μὲν
852 1722 1022 1784 ἔνθα
1048 1713 1341 1797 καθέζετ’
1377 1716 1483 1784 ἐπὶ
1509 1720 1793 1804 θρόνου,
1821 1720 2024 1783 ἔνθεν
2052 1715 2289 1801 ἀνέστη
2326 1734 2426 1783 195

393 1820 726 1909 Ἑρμείας,
773 1825 1002 1909 νύμφη
1051 1820 1124 1889 δὲ
1169 1828 1347 1888 τίθει
1390 1824 1568 1909 πάρα
1613 1833 1833 1888 πᾶσαν
1879 1822 2169 1905 ἐδωδήν,

404 1931 636 1995 ἔσθειν
679 1929 790 1996 καὶ
834 1933 1084 2013 πίνειν,
1130 1922 1240 1997 οἶα
1284 1928 1515 2017 βροτοὶ
1562 1930 1799 2016 ἄνδρες
1844 1930 2145 1995 ἔδουσιν·

405 2035 574 2119 αὐτὴ
623 2030 688 2101 δ’
740 2037 970 2103 ἀντίον
1018 2029 1150 2116 ἷζεν
1191 2032 1550 2119 Ὀδυσσῆος
1594 2039 1844 2119 θείοιο,

407 2150 487 2227 τῇ
535 2139 607 2207 δὲ
653 2141 807 2227 παρ’
861 2143 1233 2229 ἀμβροσίην
1281 2141 1494 2227 δμωαὶ
1538 2141 1649 2207 καὶ
1692 2141 1929 2228 νέκταρ
1979 2144 2248 2225 ἔθηκαν.

406 2247 480 2312 οί
521 2245 583 2313 δ’
636 2246 736 2313 ἐπ’
779 2247 1035 2314 ὀνείαθ’
1080 2247 1306 2333 ἑτοῖμα
1342 2251 1737 2334 προκείμενα
1773 2260 1996 2333 χεῖρας
2034 2252 2283 2314 ἴαλλον.
2323 2264 2429 2313 200

406 2352 617 2438 αὐτὰρ
664 2352 803 2420 ἐπεὶ
845 2357 1189 2440 τάρπησαν
1234 2355 1510 2438 ἐδητύος
1554 2351 1673 2437 ἠδὲ
1717 2363 2027 2437 ποτῆτος,

410 2469 551 2535 τοῖς
597 2461 724 2545 ἄρα
770 2461 1009 2545 μύθων
1054 2454 1211 2544 ἦρχε
1257 2461 1554 2538 Καλυψὼ
1601 2462 1712 2525 δῖα
1758 2461 2012 2525 θεάων·

410 2560 750 2646 ,,διογενὲς
793 2566 1202 2651 Λαερτιάδη,
1247 2563 1658 2650 πολυμήχαν’
1705 2564 2056 2648 Ὀδυσσεῦ,

408 2669 584 2734 οὕτω
632 2671 714 2754 δὴ
762 2673 1024 2737 οἶκόνδε
1071 2674 1277 2755 φίλην
1323 2670 1390 2747 ἐς
1432 2672 1717 2756 πατρίδα
1761 2682 1960 2754 γαῖαν

408 2776 644 2842 αὐτίκα
688 2786 818 2842 νῦν
863 2776 1116 2853 ἐθέλεις
1164 2775 1363 2854 ξέναις
1413 2780 1498 2841 σὺ
1545 2773 1620 2842 δὲ
1666 2787 1851 2862 χαῖρε
1896 2775 2006 2841 καὶ
2054 2779 2274 2862 ἔμπης.
2323 2793 2427 2842 205

409 2887 479 2946 εί
514 2905 590 2965 γε
635 2878 756 2967 μὲν
801 2885 1042 2966 εἰδείης
1087 2891 1243 2967 σῇσι
1287 2886 1558 2967 φρεσίν,
1606 2883 1771 2947 ὅσσα
1814 2905 1919 2947 τοι
1965 2877 2120 2947 αἶσα

410 2986 590 3072 κήδε’
644 2988 1016 3072 ἀναπλῆσαι
1061 2987 1222 3074 πρὶν
1266 2990 1551 3074 πατρίδα
1595 2998 1794 3070 γαῖαν
1841 2985 2134 3070 ἱκέσθαι,

410 3093 657 3159 ἐνθάδε
700 3093 761 3154 κ’
815 3089 980 3159 αὖθι
1026 3094 1245 3179 μένων
1292 3097 1420 3159 σὺν
1466 3092 1611 3179 ἐμοὶ
1647 3094 1798 3158 τόδε
1837 3093 2024 3176 δῶμα
2060 3092 2431 3177 φυλάσσοις

415 3199 748 3277 ἀθάνατός
789 3198 847 3265 τ’
900 3207 1067 3284 εἴης,
1115 3200 1527 3285 ἱμειρόμενός
1570 3221 1693 3283 περ
1742 3196 2008 3264 ἰδέσθαι

411 3307 541 3390 σὴν
586 3307 859 3391 ἄλοχον,
904 3315 1022 3390 τῆς
1064 3303 1124 3371 τ’
1178 3302 1322 3372 αἰὲν
1368 3304 1620 3371 ἐέλδεαι
1662 3304 1878 3388 ἤματα
1921 3304 2152 3370 πάντα.
2324 3321 2430 3371 210

412 3412 497 3478 οὐ
543 3410 664 3496 μέν
706 3418 846 3497 θην
890 3414 1111 3495 κείνης
1153 3435 1227 3495 γε
1272 3414 1548 3497 χερείων
1592 3411 1865 3494 εὔχομαι
1911 3404 2083 3474 εἶναι

414 3519 497 3585 οὐ
544 3517 743 3604 δέμας
789 3515 947 3584 οὐδὲ
993 3520 1206 3603 φυήν,
1255 3516 1395 3583 ἐπεὶ
1441 3517 1523 3582 οὔ
1566 3538 1705 3592 πως
1749 3512 1909 3581 οὐδὲ
1954 3518 2169 3582 ἔοικεν
