<?xml version="1.0" encoding="UTF-8"?>
<!DOCTYPE html PUBLIC "-//W3C//DTD XHTML 1.0 Transitional//EN"
    "http://www.w3.org/TR/xhtml1/DTD/xhtml1-transitional.dtd">
<html xmlns="http://www.w3.org/1999/xhtml" xml:lang="en" lang="en">
 <head>
  <title>
</title>
<meta http-equiv="Content-Type" content="text/html;charset=utf-8" />
  <meta name='ocr-system' content='tesseract 3.04.00' />
  <meta name='ocr-capabilities' content='ocr_page ocr_carea ocr_par ocr_line ocrx_word'/>
</head>
<body>
  <div class='ocr_page' id='page_1' title='image "./homeriodyssea00wolfgoog_0175.png"; bbox 0 0 2646 3932; ppageno 0'>
   <div class='ocr_carea' id='block_1_1' title="bbox 985 184 2259 288">
    <p class='ocr_par' dir='ltr' id='par_1_1' title="bbox 985 184 2259 288">
     <span class='ocr_line' id='line_1_1' title="bbox 985 184 2259 288; baseline 0.009 -11"><span class='ocrx_word' id='word_1_1' title='bbox 985 224 1402 277; x_wconf 74' lang='grc' dir='ltr'><strong>οΔΤΣΣΕΙΑΣ</strong></span> <span class='ocrx_word' id='word_1_2' title='bbox 1439 227 1532 278; x_wconf 81' lang='lat' dir='ltr'><strong><em>IX.</em></strong></span> <span class='ocrx_word' id='word_1_3' title='bbox 1653 184 1664 195; x_wconf 55' lang='lat'><em>⁰</em></span> <span class='ocrx_word' id='word_1_4' title='bbox 2137 225 2259 288; x_wconf 80' lang='lat'><strong><em>147</em></strong></span> 
     </span>
    </p>
   </div>
   <div class='ocr_carea' id='block_1_2' title="bbox 174 365 2260 3704">
    <p class='ocr_par' dir='ltr' id='par_1_2' title="bbox 174 365 2260 3704">
     <span class='ocr_line' id='line_1_2' title="bbox 241 365 2075 453; baseline 0 -19"><span class='ocrx_word' id='word_1_5' title='bbox 241 365 385 434; x_wconf 82' lang='grc' dir='ltr'><strong><em>ἀλλ’</em></strong></span> <span class='ocrx_word' id='word_1_6' title='bbox 438 368 545 434; x_wconf 80' lang='grc' dir='ltr'><strong><em>ὅτε</em></strong></span> <span class='ocrx_word' id='word_1_7' title='bbox 590 370 836 433; x_wconf 91' lang='grc' dir='ltr'><strong><em>τόσσον</em></strong></span> <span class='ocrx_word' id='word_1_8' title='bbox 882 366 1091 451; x_wconf 82' lang='grc' dir='ltr'><em>ἀπῆν,</em></span> <span class='ocrx_word' id='word_1_9' title='bbox 1137 366 1345 449; x_wconf 79' lang='grc' dir='ltr'><strong><em>ὅσσον</em></strong></span> <span class='ocrx_word' id='word_1_10' title='bbox 1386 391 1458 435; x_wconf 92' lang='grc' dir='ltr'><strong><em>τε</em></strong></span> <span class='ocrx_word' id='word_1_11' title='bbox 1504 367 1750 452; x_wconf 88' lang='grc' dir='ltr'><strong><em>γέγωνε</em></strong></span> <span class='ocrx_word' id='word_1_12' title='bbox 1795 371 2075 453; x_wconf 78' lang='grc' dir='ltr'><em>βοήσας,</em></span> 
     </span>
     <span class='ocr_line' id='line_1_3' title="bbox 241 471 2057 561; baseline 0 -22"><span class='ocrx_word' id='word_1_13' title='bbox 241 472 352 540; x_wconf 84' lang='grc' dir='ltr'><strong><em>καὶ</em></strong></span> <span class='ocrx_word' id='word_1_14' title='bbox 396 471 528 539; x_wconf 88' lang='grc' dir='ltr'><strong><em>τότ’</em></strong></span> <span class='ocrx_word' id='word_1_15' title='bbox 582 472 709 556; x_wconf 81' lang='grc' dir='ltr'><strong><em>ἐγὼ</em></strong></span> <span class='ocrx_word' id='word_1_16' title='bbox 756 473 1093 539; x_wconf 82' lang='grc' dir='ltr'><strong><em>Κύκλωπα</em></strong></span> <span class='ocrx_word' id='word_1_17' title='bbox 1136 474 1540 560; x_wconf 77' lang='grc' dir='ltr'><em>προσηύδων</em></span> <span class='ocrx_word' id='word_1_18' title='bbox 1584 477 2057 561; x_wconf 81' lang='grc' dir='ltr'><strong><em>κερτομίοισιν·</em></strong></span> 
     </span>
     <span class='ocr_line' id='line_1_4' title="bbox 242 576 2259 666; baseline -0 -22"><span class='ocrx_word' id='word_1_19' title='bbox 242 581 566 663; x_wconf 81' lang='grc' dir='ltr'><strong><em>,Κύκλωψ</em></strong></span> <span class='ocrx_word' id='word_1_20' title='bbox 585 628 604 663; x_wconf 91' lang='grc'><strong><em>,</em></strong></span> <span class='ocrx_word' id='word_1_21' title='bbox 679 580 802 645; x_wconf 87' lang='grc' dir='ltr'><strong><em>οὐκ</em></strong></span> <span class='ocrx_word' id='word_1_22' title='bbox 866 576 973 664; x_wconf 78' lang='grc' dir='ltr'><strong><em>ἄρ’</em></strong></span> <span class='ocrx_word' id='word_1_23' title='bbox 1044 582 1307 664; x_wconf 82' lang='grc' dir='ltr'><strong><em>ἔμελλες</em></strong></span> <span class='ocrx_word' id='word_1_24' title='bbox 1371 579 1723 658; x_wconf 80' lang='grc' dir='ltr'><strong><em>ἀνάλκιδος</em></strong></span> <span class='ocrx_word' id='word_1_25' title='bbox 1786 580 2031 666; x_wconf 82' lang='grc' dir='ltr'><strong><em>ἀνδρὸς</em></strong></span> <span class='ocrx_word' id='word_1_26' title='bbox 2093 578 2259 645; x_wconf 83' lang='grc' dir='ltr'><strong><em>ἑταί-</em></strong></span> 
     </span>
     <span class='ocr_line' id='line_1_5' title="bbox 1090 701 2260 771; baseline 0 -21"><span class='ocrx_word' id='word_1_27' title='bbox 1090 708 1252 771; x_wconf 93' lang='grc' dir='ltr'><strong><em>ρους</em></strong></span> <span class='ocrx_word' id='word_1_28' title='bbox 2154 701 2260 750; x_wconf 80' lang='grc'><strong><em>475</em></strong></span> 
     </span>
     <span class='ocr_line' id='line_1_6' title="bbox 241 791 1915 880; baseline 0.001 -22"><span class='ocrx_word' id='word_1_29' title='bbox 241 794 514 877; x_wconf 77' lang='grc' dir='ltr'><strong><em>ἔδμεναι</em></strong></span> <span class='ocrx_word' id='word_1_30' title='bbox 560 791 633 858; x_wconf 95' lang='grc' dir='ltr'><strong><em>ἐν</em></strong></span> <span class='ocrx_word' id='word_1_31' title='bbox 679 801 840 876; x_wconf 81' lang='grc' dir='ltr'><strong><em>σπῆι</em></strong></span> <span class='ocrx_word' id='word_1_32' title='bbox 883 797 1206 880; x_wconf 77' lang='grc' dir='ltr'><strong><em>γλαφυρῷ</em></strong></span> <span class='ocrx_word' id='word_1_33' title='bbox 1251 800 1618 877; x_wconf 81' lang='grc' dir='ltr'><strong><em>κρατερῆφι</em></strong></span> <span class='ocrx_word' id='word_1_34' title='bbox 1661 795 1915 878; x_wconf 87' lang='grc' dir='ltr'><strong><em>βίηφιν.</em></strong></span> 
     </span>
     <span class='ocr_line' id='line_1_7' title="bbox 239 895 1986 989; baseline 0.001 -26"><span class='ocrx_word' id='word_1_35' title='bbox 239 896 352 963; x_wconf 87' lang='grc' dir='ltr'><strong><em>καὶ</em></strong></span> <span class='ocrx_word' id='word_1_36' title='bbox 397 901 548 983; x_wconf 82' lang='grc' dir='ltr'><strong><em>λίην</em></strong></span> <span class='ocrx_word' id='word_1_37' title='bbox 594 897 674 964; x_wconf 91' lang='grc' dir='ltr'><strong><em>σέ</em></strong></span> <span class='ocrx_word' id='word_1_38' title='bbox 712 895 775 982; x_wconf 88' lang='grc' dir='ltr'><strong><em>γ’</em></strong></span> <span class='ocrx_word' id='word_1_39' title='bbox 829 901 1054 983; x_wconf 85' lang='grc' dir='ltr'><strong><em>ἔμελλε</em></strong></span> <span class='ocrx_word' id='word_1_40' title='bbox 1100 899 1494 982; x_wconf 81' lang='grc' dir='ltr'><strong><em>κιχήσεσθαι</em></strong></span> <span class='ocrx_word' id='word_1_41' title='bbox 1538 900 1706 964; x_wconf 79' lang='grc' dir='ltr'><strong><em>κακὰ</em></strong></span> <span class='ocrx_word' id='word_1_42' title='bbox 1750 901 1940 983; x_wconf 85' lang='grc' dir='ltr'><strong><em>ἔργα,</em></strong></span> <span class='ocrx_word' id='word_1_43' title='bbox 1983 988 1986 989; x_wconf 16' lang='lat'><em>⁷</em></span> 
     </span>
     <span class='ocr_line' id='line_1_8' title="bbox 174 1001 1859 1092; baseline 0.001 -24"><span class='ocrx_word' id='word_1_44' title='bbox 174 1009 178 1014; x_wconf 88' lang='grc'><strong>’</strong></span> <span class='ocrx_word' id='word_1_45' title='bbox 242 1001 512 1088; x_wconf 80' lang='grc' dir='ltr'><strong><em>σχέτλι’,</em></strong></span> <span class='ocrx_word' id='word_1_46' title='bbox 561 1002 701 1069; x_wconf 84' lang='grc' dir='ltr'><strong><em>ἐπεὶ</em></strong></span> <span class='ocrx_word' id='word_1_47' title='bbox 746 1004 1003 1084; x_wconf 76' lang='grc' dir='ltr'><strong><em>ξείνους</em></strong></span> <span class='ocrx_word' id='word_1_48' title='bbox 1050 1003 1172 1089; x_wconf 85' lang='grc' dir='ltr'><strong><em>οὐχ</em></strong></span> <span class='ocrx_word' id='word_1_49' title='bbox 1218 1004 1365 1082; x_wconf 78' lang='grc' dir='ltr'><strong><em>ἅζεο</em></strong></span> <span class='ocrx_word' id='word_1_50' title='bbox 1412 1012 1507 1092; x_wconf 76' lang='grc' dir='ltr'><strong><em>σῷ</em></strong></span> <span class='ocrx_word' id='word_1_51' title='bbox 1555 1002 1657 1069; x_wconf 90' lang='grc' dir='ltr'><strong><em>ἐνὶ</em></strong></span> <span class='ocrx_word' id='word_1_52' title='bbox 1701 1010 1859 1092; x_wconf 75' lang='grc' dir='ltr'><strong><em>οἴκῳ</em></strong></span> 
     </span>
     <span class='ocr_line' id='line_1_9' title="bbox 242 1107 1994 1198; baseline 0.001 -24"><span class='ocrx_word' id='word_1_53' title='bbox 242 1108 622 1194; x_wconf 78' lang='grc' dir='ltr'><strong><em>ἐσθέμεναι·</em></strong></span> <span class='ocrx_word' id='word_1_54' title='bbox 666 1118 757 1198; x_wconf 77' lang='grc' dir='ltr'><strong><em>τῷ</em></strong></span> <span class='ocrx_word' id='word_1_55' title='bbox 804 1124 878 1175; x_wconf 90' lang='grc' dir='ltr'><strong><em>σε</em></strong></span> <span class='ocrx_word' id='word_1_56' title='bbox 926 1112 1095 1186; x_wconf 82' lang='grc' dir='ltr'><strong><em>Ζεὺς</em></strong></span> <span class='ocrx_word' id='word_1_57' title='bbox 1136 1112 1364 1175; x_wconf 85' lang='grc' dir='ltr'><strong><em>τίσατο</em></strong></span> <span class='ocrx_word' id='word_1_58' title='bbox 1409 1107 1522 1174; x_wconf 90' lang='grc' dir='ltr'><strong><em>καὶ</em></strong></span> <span class='ocrx_word' id='word_1_59' title='bbox 1563 1108 1717 1175; x_wconf 85' lang='grc' dir='ltr'><strong><em>θεοὶ</em></strong></span> <span class='ocrx_word' id='word_1_60' title='bbox 1764 1111 1994 1175; x_wconf 58' lang='grc' dir='ltr'><strong><em>ἄλλοιέ</em></strong></span> 
     </span>
     <span class='ocr_line' id='line_1_10' title="bbox 331 1201 2260 1302; baseline -0.001 -20"><span class='ocrx_word' id='word_1_61' title='bbox 331 1211 420 1293; x_wconf 81' lang='grc' dir='ltr'><strong><em>ὧς</em></strong></span> <span class='ocrx_word' id='word_1_62' title='bbox 458 1201 748 1302; x_wconf 85' lang='grc' dir='ltr'><strong><em>ἐφάμην,</em></strong></span> <span class='ocrx_word' id='word_1_63' title='bbox 785 1215 823 1281; x_wconf 85' lang='grc' dir='ltr'>ὁ</span> <span class='ocrx_word' id='word_1_64' title='bbox 852 1212 913 1280; x_wconf 85' lang='grc' dir='ltr'><strong><em>δ’</em></strong></span> <span class='ocrx_word' id='word_1_65' title='bbox 948 1217 1168 1281; x_wconf 79' lang='grc' dir='ltr'><strong><em>ἔπειτα</em></strong></span> <span class='ocrx_word' id='word_1_66' title='bbox 1194 1215 1533 1300; x_wconf 79' lang='grc' dir='ltr'><strong><em>χολώσατο</em></strong></span> <span class='ocrx_word' id='word_1_67' title='bbox 1561 1218 1805 1301; x_wconf 84' lang='grc' dir='ltr'><strong><em>κηρόθι</em></strong></span> <span class='ocrx_word' id='word_1_68' title='bbox 1833 1220 2117 1301; x_wconf 81' lang='grc' dir='ltr'><strong><em>μᾶλλον,</em></strong></span> <span class='ocrx_word' id='word_1_69' title='bbox 2156 1231 2260 1280; x_wconf 87' lang='grc'><strong><em>480</em></strong></span> 
     </span>
     <span class='ocr_line' id='line_1_11' title="bbox 242 1317 1867 1408; baseline 0.001 -21"><span class='ocrx_word' id='word_1_70' title='bbox 242 1317 358 1404; x_wconf 81' lang='grc' dir='ltr'><strong><em>ἧκε</em></strong></span> <span class='ocrx_word' id='word_1_71' title='bbox 407 1318 469 1387; x_wconf 88' lang='grc' dir='ltr'><strong><em>δ’</em></strong></span> <span class='ocrx_word' id='word_1_72' title='bbox 522 1320 894 1408; x_wconf 81' lang='grc' dir='ltr'><strong><em>ἀπορρήξας</em></strong></span> <span class='ocrx_word' id='word_1_73' title='bbox 937 1321 1245 1405; x_wconf 85' lang='grc' dir='ltr'><strong><em>κορυφὴν</em></strong></span> <span class='ocrx_word' id='word_1_74' title='bbox 1290 1322 1481 1407; x_wconf 77' lang='grc' dir='ltr'><strong><em>ὄρεος</em></strong></span> <span class='ocrx_word' id='word_1_75' title='bbox 1523 1323 1867 1406; x_wconf 77' lang='grc' dir='ltr'><strong><em>μεγάλοιο,</em></strong></span> 
     </span>
     <span class='ocr_line' id='line_1_12' title="bbox 240 1423 1931 1514; baseline 0.001 -22"><span class='ocrx_word' id='word_1_76' title='bbox 240 1428 371 1492; x_wconf 80' lang='grc' dir='ltr'><strong><em>κὰδ</em></strong></span> <span class='ocrx_word' id='word_1_77' title='bbox 416 1423 480 1492; x_wconf 87' lang='grc' dir='ltr'><strong><em>δ’</em></strong></span> <span class='ocrx_word' id='word_1_78' title='bbox 534 1429 727 1511; x_wconf 81' lang='grc' dir='ltr'><strong><em>ἔβαλε</em></strong></span> <span class='ocrx_word' id='word_1_79' title='bbox 771 1428 1188 1513; x_wconf 79' lang='grc' dir='ltr'><strong><em>προπάροιθε</em></strong></span> <span class='ocrx_word' id='word_1_80' title='bbox 1233 1427 1385 1503; x_wconf 87' lang='grc' dir='ltr'><strong><em>νεὸς</em></strong></span> <span class='ocrx_word' id='word_1_81' title='bbox 1427 1428 1931 1514; x_wconf 82' lang='grc' dir='ltr'><strong><em>κυανοπρώροιο</em></strong></span> 
     </span>
     <span class='ocr_line' id='line_1_13' title="bbox 245 1529 1903 1618; baseline 0.001 -20"><span class='ocrx_word' id='word_1_82' title='bbox 245 1534 554 1617; x_wconf 92' lang='grc' dir='ltr'><strong><em>[τυτθόν,</em></strong></span> <span class='ocrx_word' id='word_1_83' title='bbox 601 1532 916 1618; x_wconf 75' lang='grc' dir='ltr'><strong><em>ἐδεύησεν</em></strong></span> <span class='ocrx_word' id='word_1_84' title='bbox 961 1529 1023 1597; x_wconf 85' lang='grc' dir='ltr'><strong><em>δ’</em></strong></span> <span class='ocrx_word' id='word_1_85' title='bbox 1076 1534 1294 1616; x_wconf 80' lang='grc' dir='ltr'><strong><em>οἰήιον</em></strong></span> <span class='ocrx_word' id='word_1_86' title='bbox 1339 1533 1547 1618; x_wconf 76' lang='grc' dir='ltr'><strong><em>ἄκρον</em></strong></span> <span class='ocrx_word' id='word_1_87' title='bbox 1593 1532 1903 1616; x_wconf 79' lang='grc' dir='ltr'><strong><em>ίκέσθαι].</em></strong></span> 
     </span>
     <span class='ocr_line' id='line_1_14' title="bbox 242 1636 2011 1726; baseline -0.001 -22"><span class='ocrx_word' id='word_1_88' title='bbox 242 1639 533 1724; x_wconf 83' lang='grc' dir='ltr'><strong><em>ἐκλύσθη</em></strong></span> <span class='ocrx_word' id='word_1_89' title='bbox 582 1636 656 1706; x_wconf 77' lang='grc' dir='ltr'><strong><em>δὲ</em></strong></span> <span class='ocrx_word' id='word_1_90' title='bbox 699 1642 1007 1706; x_wconf 88' lang='grc' dir='ltr'><strong><em>θάλασσα</em></strong></span> <span class='ocrx_word' id='word_1_91' title='bbox 1049 1637 1528 1725; x_wconf 79' lang='grc' dir='ltr'><strong><em>κατερχομένης</em></strong></span> <span class='ocrx_word' id='word_1_92' title='bbox 1571 1639 1701 1705; x_wconf 84' lang='grc' dir='ltr'><strong><em>ὑπὸ</em></strong></span> <span class='ocrx_word' id='word_1_93' title='bbox 1744 1639 2011 1726; x_wconf 84' lang='grc' dir='ltr'><strong><em>πέτρης·</em></strong></span> 
     </span>
     <span class='ocr_line' id='line_1_15' title="bbox 241 1742 2259 1833; baseline 0 -23"><span class='ocrx_word' id='word_1_94' title='bbox 241 1745 363 1828; x_wconf 82' lang='grc' dir='ltr'><strong><em>τὴν</em></strong></span> <span class='ocrx_word' id='word_1_95' title='bbox 409 1742 473 1811; x_wconf 89' lang='grc' dir='ltr'><strong><em>δ’</em></strong></span> <span class='ocrx_word' id='word_1_96' title='bbox 524 1743 618 1824; x_wconf 79' lang='grc' dir='ltr'><strong><em>ἂψ</em></strong></span> <span class='ocrx_word' id='word_1_97' title='bbox 662 1746 1014 1833; x_wconf 77' lang='grc' dir='ltr'><strong><em>ἠπειρόνδε</em></strong></span> <span class='ocrx_word' id='word_1_98' title='bbox 1058 1747 1506 1831; x_wconf 86' lang='grc' dir='ltr'><strong><em>παλιρρόθιον</em></strong></span> <span class='ocrx_word' id='word_1_99' title='bbox 1551 1743 1712 1831; x_wconf 88' lang='grc' dir='ltr'><strong><em>φέρε</em></strong></span> <span class='ocrx_word' id='word_1_100' title='bbox 1755 1755 1961 1830; x_wconf 87' lang='grc' dir='ltr'><strong><em>κῦμα,</em></strong></span> <span class='ocrx_word' id='word_1_101' title='bbox 2154 1760 2259 1811; x_wconf 73' lang='grc'><strong><em>485</em></strong></span> 
     </span>
     <span class='ocr_line' id='line_1_16' title="bbox 240 1847 2071 1938; baseline 0.001 -23"><span class='ocrx_word' id='word_1_102' title='bbox 240 1850 568 1938; x_wconf 86' lang='grc' dir='ltr'><strong><em>πλημυρὶς</em></strong></span> <span class='ocrx_word' id='word_1_103' title='bbox 614 1851 684 1919; x_wconf 88' lang='grc' dir='ltr'><strong><em>ἐκ</em></strong></span> <span class='ocrx_word' id='word_1_104' title='bbox 728 1855 1031 1934; x_wconf 94' lang='grc' dir='ltr'><strong><em>πόντοιο,</em></strong></span> <span class='ocrx_word' id='word_1_105' title='bbox 1075 1850 1341 1936; x_wconf 79' lang='grc' dir='ltr'><strong><em>θέμωσε</em></strong></span> <span class='ocrx_word' id='word_1_106' title='bbox 1388 1847 1462 1917; x_wconf 73' lang='grc' dir='ltr'><strong><em>δὲ</em></strong></span> <span class='ocrx_word' id='word_1_107' title='bbox 1505 1850 1746 1938; x_wconf 85' lang='grc' dir='ltr'><strong><em>χέρσον</em></strong></span> <span class='ocrx_word' id='word_1_108' title='bbox 1792 1849 2071 1917; x_wconf 79' lang='grc' dir='ltr'><strong><em>ἱκέσθαι.</em></strong></span> 
     </span>
     <span class='ocr_line' id='line_1_17' title="bbox 243 1956 1919 2046; baseline -0.001 -22"><span class='ocrx_word' id='word_1_109' title='bbox 243 1958 450 2045; x_wconf 80' lang='grc' dir='ltr'><strong><em>αὐτὰρ</em></strong></span> <span class='ocrx_word' id='word_1_110' title='bbox 498 1956 624 2042; x_wconf 80' lang='grc' dir='ltr'><strong><em>ἐγὼ</em></strong></span> <span class='ocrx_word' id='word_1_111' title='bbox 670 1962 959 2046; x_wconf 89' lang='grc' dir='ltr'><strong><em>χείρεσσι</em></strong></span> <span class='ocrx_word' id='word_1_112' title='bbox 1004 1959 1228 2042; x_wconf 80' lang='grc' dir='ltr'><strong><em>λαβὼν</em></strong></span> <span class='ocrx_word' id='word_1_113' title='bbox 1273 1961 1634 2045; x_wconf 87' lang='grc' dir='ltr'><strong><em>περιμήκεα</em></strong></span> <span class='ocrx_word' id='word_1_114' title='bbox 1677 1958 1919 2024; x_wconf 88' lang='grc' dir='ltr'><strong><em>κοντὸν</em></strong></span> 
     </span>
     <span class='ocr_line' id='line_1_18' title="bbox 245 2060 1887 2151; baseline 0.001 -23"><span class='ocrx_word' id='word_1_115' title='bbox 245 2060 383 2129; x_wconf 82' lang='grc' dir='ltr'><strong><em>ὦσα</em></strong></span> <span class='ocrx_word' id='word_1_116' title='bbox 428 2063 663 2150; x_wconf 87' lang='grc' dir='ltr'><strong><em>παρέξ,</em></strong></span> <span class='ocrx_word' id='word_1_117' title='bbox 711 2063 1003 2150; x_wconf 78' lang='grc' dir='ltr'><strong><em>ἑτάροισι</em></strong></span> <span class='ocrx_word' id='word_1_118' title='bbox 1049 2061 1112 2129; x_wconf 85' lang='grc' dir='ltr'><strong><em>δ’</em></strong></span> <span class='ocrx_word' id='word_1_119' title='bbox 1165 2063 1532 2151; x_wconf 76' lang='grc' dir='ltr'><strong><em>ἐποτρύνας</em></strong></span> <span class='ocrx_word' id='word_1_120' title='bbox 1577 2062 1887 2130; x_wconf 91' lang='grc' dir='ltr'><strong><em>ἐκέλευσα</em></strong></span> 
     </span>
     <span class='ocr_line' id='line_1_19' title="bbox 244 2166 2011 2256; baseline 0.001 -22"><span class='ocrx_word' id='word_1_121' title='bbox 244 2168 585 2253; x_wconf 79' lang='grc' dir='ltr'><strong><em>ἐμβαλέειν</em></strong></span> <span class='ocrx_word' id='word_1_122' title='bbox 629 2170 882 2256; x_wconf 78' lang='grc' dir='ltr'><strong><em>κώπῃς,</em></strong></span> <span class='ocrx_word' id='word_1_123' title='bbox 929 2167 1018 2235; x_wconf 83' lang='grc' dir='ltr'><strong><em>ἵν’</em></strong></span> <span class='ocrx_word' id='word_1_124' title='bbox 1069 2166 1237 2236; x_wconf 71' lang='grc' dir='ltr'><strong><em>ὑπὲκ</em></strong></span> <span class='ocrx_word' id='word_1_125' title='bbox 1280 2173 1605 2255; x_wconf 87' lang='grc' dir='ltr'><strong><em>κακότητα</em></strong></span> <span class='ocrx_word' id='word_1_126' title='bbox 1651 2171 2011 2255; x_wconf 80' lang='grc' dir='ltr'><strong><em>φύγοιμεν,</em></strong></span> 
     </span>
     <span class='ocr_line' id='line_1_20' title="bbox 244 2272 2258 2363; baseline 0.002 -24"><span class='ocrx_word' id='word_1_127' title='bbox 244 2274 433 2361; x_wconf 87' lang='grc' dir='ltr'><strong><em>κρατὶ</em></strong></span> <span class='ocrx_word' id='word_1_128' title='bbox 477 2277 885 2342; x_wconf 87' lang='grc' dir='ltr'><strong><em>κατανεύων·</em></strong></span> <span class='ocrx_word' id='word_1_129' title='bbox 950 2276 1022 2342; x_wconf 81' lang='grc' dir='ltr'><strong><em>οί</em></strong></span> <span class='ocrx_word' id='word_1_130' title='bbox 1061 2272 1135 2341; x_wconf 70' lang='grc' dir='ltr'><strong><em>δὲ</em></strong></span> <span class='ocrx_word' id='word_1_131' title='bbox 1180 2279 1622 2362; x_wconf 82' lang='grc' dir='ltr'><strong><em>προπεσόντες</em></strong></span> <span class='ocrx_word' id='word_1_132' title='bbox 1668 2279 1962 2363; x_wconf 81' lang='grc' dir='ltr'><strong><em>ἔρεσσον.</em></strong></span> <span class='ocrx_word' id='word_1_133' title='bbox 2153 2293 2258 2343; x_wconf 84' lang='grc'><strong><em>490</em></strong></span> 
     </span>
     <span class='ocr_line' id='line_1_21' title="bbox 244 2377 2067 2469; baseline 0.001 -24"><span class='ocrx_word' id='word_1_134' title='bbox 244 2377 387 2445; x_wconf 83' lang='grc' dir='ltr'><strong><em>ἀλλ’</em></strong></span> <span class='ocrx_word' id='word_1_135' title='bbox 439 2380 547 2447; x_wconf 78' lang='grc' dir='ltr'><strong><em>ὅτε</em></strong></span> <span class='ocrx_word' id='word_1_136' title='bbox 595 2382 677 2465; x_wconf 83' lang='grc' dir='ltr'><strong><em>δὴ</em></strong></span> <span class='ocrx_word' id='word_1_137' title='bbox 725 2381 828 2459; x_wconf 84' lang='grc' dir='ltr'><strong><em>δὶς</em></strong></span> <span class='ocrx_word' id='word_1_138' title='bbox 872 2383 1115 2447; x_wconf 90' lang='grc' dir='ltr'><strong><em>τόσσον</em></strong></span> <span class='ocrx_word' id='word_1_139' title='bbox 1160 2382 1286 2447; x_wconf 80' lang='grc' dir='ltr'><strong><em>ἅλα</em></strong></span> <span class='ocrx_word' id='word_1_140' title='bbox 1329 2385 1738 2469; x_wconf 89' lang='grc' dir='ltr'><strong><em>πρήσσοντες</em></strong></span> <span class='ocrx_word' id='word_1_141' title='bbox 1783 2382 2067 2467; x_wconf 81' lang='grc' dir='ltr'><strong><em>ἀπῆμεν,</em></strong></span> 
     </span>
     <span class='ocr_line' id='line_1_22' title="bbox 242 2485 2155 2575; baseline 0 -23"><span class='ocrx_word' id='word_1_142' title='bbox 242 2485 354 2552; x_wconf 83' lang='grc' dir='ltr'><strong><em>καὶ</em></strong></span> <span class='ocrx_word' id='word_1_143' title='bbox 396 2490 544 2553; x_wconf 89' lang='grc' dir='ltr'><strong><em>τότε</em></strong></span> <span class='ocrx_word' id='word_1_144' title='bbox 591 2488 674 2571; x_wconf 83' lang='grc' dir='ltr'><strong><em>δὴ</em></strong></span> <span class='ocrx_word' id='word_1_145' title='bbox 721 2489 1055 2553; x_wconf 87' lang='grc' dir='ltr'><strong><em>Κύκλωπα</em></strong></span> <span class='ocrx_word' id='word_1_146' title='bbox 1098 2489 1529 2574; x_wconf 88' lang='grc' dir='ltr'><strong><em>προσηύδων·</em></strong></span> <span class='ocrx_word' id='word_1_147' title='bbox 1574 2486 1746 2573; x_wconf 81' lang='grc' dir='ltr'><strong><em>ἀμφὶ</em></strong></span> <span class='ocrx_word' id='word_1_148' title='bbox 1793 2486 1853 2553; x_wconf 90' lang='grc' dir='ltr'><strong><em>δ’</em></strong></span> <span class='ocrx_word' id='word_1_149' title='bbox 1907 2486 2155 2575; x_wconf 76' lang='grc' dir='ltr'><strong><em>ἑταῖροι</em></strong></span> 
     </span>
     <span class='ocr_line' id='line_1_23' title="bbox 243 2592 1869 2679; baseline 0.001 -20"><span class='ocrx_word' id='word_1_150' title='bbox 243 2596 585 2679; x_wconf 88' lang='grc' dir='ltr'><strong><em>μειλιχίοις</em></strong></span> <span class='ocrx_word' id='word_1_151' title='bbox 632 2593 932 2660; x_wconf 78' lang='grc' dir='ltr'><strong><em>ἐπέεσσιν</em></strong></span> <span class='ocrx_word' id='word_1_152' title='bbox 976 2592 1259 2679; x_wconf 86' lang='grc' dir='ltr'><strong><em>ἐρήτυον</em></strong></span> <span class='ocrx_word' id='word_1_153' title='bbox 1307 2595 1597 2660; x_wconf 80' lang='grc' dir='ltr'><strong><em>ἄλλοθεν</em></strong></span> <span class='ocrx_word' id='word_1_154' title='bbox 1645 2595 1869 2671; x_wconf 81' lang='grc' dir='ltr'><strong><em>ἄλλος·</em></strong></span> 
     </span>
     <span class='ocr_line' id='line_1_24' title="bbox 244 2695 2059 2787; baseline -0.001 -20"><span class='ocrx_word' id='word_1_155' title='bbox 244 2700 520 2786; x_wconf 86' lang='grc' dir='ltr'><strong><em>,σχέτλιε</em></strong></span> <span class='ocrx_word' id='word_1_156' title='bbox 530 2749 550 2784; x_wconf 97' lang='grc'><strong><em>,</em></strong></span> <span class='ocrx_word' id='word_1_157' title='bbox 596 2695 768 2767; x_wconf 85' lang='grc' dir='ltr'><strong><em>τίπτ’</em></strong></span> <span class='ocrx_word' id='word_1_158' title='bbox 819 2697 1072 2776; x_wconf 78' lang='grc' dir='ltr'><strong><em>ἐθέλεις</em></strong></span> <span class='ocrx_word' id='word_1_159' title='bbox 1119 2699 1493 2786; x_wconf 82' lang='grc' dir='ltr'><strong><em>ἐρεθιζέμεν</em></strong></span> <span class='ocrx_word' id='word_1_160' title='bbox 1537 2701 1775 2787; x_wconf 76' lang='grc' dir='ltr'><strong><em>ἄγριον</em></strong></span> <span class='ocrx_word' id='word_1_161' title='bbox 1818 2701 2059 2787; x_wconf 77' lang='grc' dir='ltr'><strong><em>ἄνδρα;</em></strong></span> 
     </span>
     <span class='ocr_line' id='line_1_25' title="bbox 244 2804 2258 2890; baseline 0 -18"><span class='ocrx_word' id='word_1_162' title='bbox 244 2807 317 2884; x_wconf 85' lang='grc' dir='ltr'><strong><em>ὃς</em></strong></span> <span class='ocrx_word' id='word_1_163' title='bbox 358 2807 469 2874; x_wconf 87' lang='grc' dir='ltr'><strong><em>καὶ</em></strong></span> <span class='ocrx_word' id='word_1_164' title='bbox 512 2817 643 2874; x_wconf 85' lang='grc' dir='ltr'><strong><em>νῦν</em></strong></span> <span class='ocrx_word' id='word_1_165' title='bbox 687 2807 1012 2872; x_wconf 90' lang='grc' dir='ltr'><strong><em>πόντονδε</em></strong></span> <span class='ocrx_word' id='word_1_166' title='bbox 1058 2806 1282 2889; x_wconf 81' lang='grc' dir='ltr'><strong><em>βαλὼν</em></strong></span> <span class='ocrx_word' id='word_1_167' title='bbox 1327 2804 1520 2889; x_wconf 91' lang='grc' dir='ltr'><strong><em>βέλος</em></strong></span> <span class='ocrx_word' id='word_1_168' title='bbox 1563 2807 1766 2890; x_wconf 79' lang='grc' dir='ltr'><strong><em>ἤγαγε</em></strong></span> <span class='ocrx_word' id='word_1_169' title='bbox 1810 2815 1940 2890; x_wconf 84' lang='grc' dir='ltr'><strong><em>νῆα</em></strong></span> <span class='ocrx_word' id='word_1_170' title='bbox 2154 2824 2258 2873; x_wconf 80' lang='grc'><strong><em>495</em></strong></span> 
     </span>
     <span class='ocr_line' id='line_1_26' title="bbox 246 2906 2068 3000; baseline 0.001 -22"><span class='ocrx_word' id='word_1_171' title='bbox 246 2908 427 2991; x_wconf 86' lang='grc' dir='ltr'><strong><em>αὖτις</em></strong></span> <span class='ocrx_word' id='word_1_172' title='bbox 474 2913 541 2992; x_wconf 98' lang='grc' dir='ltr'><strong><em>ἐς</em></strong></span> <span class='ocrx_word' id='word_1_173' title='bbox 584 2915 890 3000; x_wconf 79' lang='grc' dir='ltr'><strong><em>ἤπειρον,</em></strong></span> <span class='ocrx_word' id='word_1_174' title='bbox 936 2909 1046 2977; x_wconf 86' lang='grc' dir='ltr'><strong><em>καὶ</em></strong></span> <span class='ocrx_word' id='word_1_175' title='bbox 1093 2912 1175 2995; x_wconf 84' lang='grc' dir='ltr'><strong><em>δὴ</em></strong></span> <span class='ocrx_word' id='word_1_176' title='bbox 1224 2912 1444 2996; x_wconf 89' lang='grc' dir='ltr'><strong><em>φάμεν</em></strong></span> <span class='ocrx_word' id='word_1_177' title='bbox 1490 2906 1724 2977; x_wconf 84' lang='grc' dir='ltr'><strong><em>αὐτόθ’</em></strong></span> <span class='ocrx_word' id='word_1_178' title='bbox 1776 2912 2068 2979; x_wconf 84' lang='grc' dir='ltr'><strong><em>ὀλέσθαι.</em></strong></span> 
     </span>
     <span class='ocr_line' id='line_1_27' title="bbox 246 3015 2001 3105; baseline 0 -21"><span class='ocrx_word' id='word_1_179' title='bbox 246 3022 307 3084; x_wconf 85' lang='grc' dir='ltr'><strong><em>εί</em></strong></span> <span class='ocrx_word' id='word_1_180' title='bbox 349 3016 422 3085; x_wconf 71' lang='grc' dir='ltr'><strong><em>δὲ</em></strong></span> <span class='ocrx_word' id='word_1_181' title='bbox 467 3018 935 3105; x_wconf 83' lang='grc' dir='ltr'><strong><em>φθεγξαμένου</em></strong></span> <span class='ocrx_word' id='word_1_182' title='bbox 977 3041 1093 3083; x_wconf 91' lang='grc' dir='ltr'><strong><em>τευ</em></strong></span> <span class='ocrx_word' id='word_1_183' title='bbox 1136 3015 1178 3100; x_wconf 81' lang='grc' dir='ltr'>ἢ</span> <span class='ocrx_word' id='word_1_184' title='bbox 1227 3017 1642 3101; x_wconf 84' lang='grc' dir='ltr'><strong><em>αὐδήσαντος</em></strong></span> <span class='ocrx_word' id='word_1_185' title='bbox 1688 3019 2001 3102; x_wconf 79' lang='grc' dir='ltr'><strong><em>ἄκουσεν,</em></strong></span> 
     </span>
     <span class='ocr_line' id='line_1_28' title="bbox 246 3118 1982 3211; baseline 0.001 -23"><span class='ocrx_word' id='word_1_186' title='bbox 246 3124 374 3189; x_wconf 93' lang='grc' dir='ltr'><strong><em>σύν</em></strong></span> <span class='ocrx_word' id='word_1_187' title='bbox 416 3147 532 3189; x_wconf 89' lang='grc' dir='ltr'><strong><em>κεν</em></strong></span> <span class='ocrx_word' id='word_1_188' title='bbox 578 3118 763 3211; x_wconf 82' lang='grc' dir='ltr'><strong><em>ἄραξ’</em></strong></span> <span class='ocrx_word' id='word_1_189' title='bbox 812 3120 1034 3207; x_wconf 79' lang='grc' dir='ltr'><strong><em>ἡμέων</em></strong></span> <span class='ocrx_word' id='word_1_190' title='bbox 1077 3122 1370 3206; x_wconf 81' lang='grc' dir='ltr'><strong><em>κεφαλὰς</em></strong></span> <span class='ocrx_word' id='word_1_191' title='bbox 1413 3120 1526 3187; x_wconf 89' lang='grc' dir='ltr'><strong><em>καὶ</em></strong></span> <span class='ocrx_word' id='word_1_192' title='bbox 1568 3125 1725 3206; x_wconf 87' lang='grc' dir='ltr'><strong><em>νήια</em></strong></span> <span class='ocrx_word' id='word_1_193' title='bbox 1770 3124 1982 3210; x_wconf 86' lang='grc' dir='ltr'><strong><em>δοῦρα</em></strong></span> 
     </span>
     <span class='ocr_line' id='line_1_29' title="bbox 247 3228 1966 3318; baseline -0.001 -23"><span class='ocrx_word' id='word_1_194' title='bbox 247 3230 562 3318; x_wconf 74' lang='grc' dir='ltr'><strong><em>μαρμάρῳ</em></strong></span> <span class='ocrx_word' id='word_1_195' title='bbox 610 3230 935 3314; x_wconf 81' lang='grc' dir='ltr'><strong><em>ὀκριόεντι</em></strong></span> <span class='ocrx_word' id='word_1_196' title='bbox 980 3228 1231 3311; x_wconf 82' lang='grc' dir='ltr'><strong><em>βαλών·</em></strong></span> <span class='ocrx_word' id='word_1_197' title='bbox 1277 3229 1523 3293; x_wconf 88' lang='grc' dir='ltr'><strong><em>τόσσον</em></strong></span> <span class='ocrx_word' id='word_1_198' title='bbox 1566 3229 1695 3314; x_wconf 81' lang='grc' dir='ltr'><strong><em>γὰρ</em></strong></span> <span class='ocrx_word' id='word_1_199' title='bbox 1741 3229 1966 3312; x_wconf 57' lang='grc' dir='ltr'><strong><em>ἴησινέ</em></strong></span> 
     </span>
     <span class='ocr_line' id='line_1_30' title="bbox 335 3328 2259 3422; baseline 0.001 -21"><span class='ocrx_word' id='word_1_200' title='bbox 335 3331 423 3413; x_wconf 80' lang='grc' dir='ltr'><strong><em>ὥς</em></strong></span> <span class='ocrx_word' id='word_1_201' title='bbox 476 3336 730 3420; x_wconf 88' lang='grc' dir='ltr'><strong><em>φάσαν,</em></strong></span> <span class='ocrx_word' id='word_1_202' title='bbox 795 3328 939 3400; x_wconf 80' lang='grc' dir='ltr'><strong><em>ἀλλ’</em></strong></span> <span class='ocrx_word' id='word_1_203' title='bbox 1009 3333 1091 3400; x_wconf 85' lang='grc' dir='ltr'><strong><em>οὐ</em></strong></span> <span class='ocrx_word' id='word_1_204' title='bbox 1144 3339 1388 3399; x_wconf 74' lang='grc' dir='ltr'><strong><em>πεῖθον</em></strong></span> <span class='ocrx_word' id='word_1_205' title='bbox 1452 3333 1612 3418; x_wconf 82' lang='grc' dir='ltr'><strong><em>ἐμὸν</em></strong></span> <span class='ocrx_word' id='word_1_206' title='bbox 1665 3337 2079 3422; x_wconf 87' lang='grc' dir='ltr'><strong><em>μεγαλήτορα</em></strong></span> <span class='ocrx_word' id='word_1_207' title='bbox 2132 3342 2259 3402; x_wconf 82' lang='grc' dir='ltr'><strong><em>θυ-</em></strong></span> 
     </span>
     <span class='ocr_line' id='line_1_31' title="bbox 1090 3442 2259 3525; baseline 0.003 -20"><span class='ocrx_word' id='word_1_208' title='bbox 1090 3442 1248 3525; x_wconf 84' lang='grc' dir='ltr'><strong><em>μόν,</em></strong></span> <span class='ocrx_word' id='word_1_209' title='bbox 2155 3459 2259 3508; x_wconf 86' lang='lat'><strong><em>500</em></strong></span> 
     </span>
     <span class='ocr_line' id='line_1_32' title="bbox 248 3544 1962 3635; baseline -0.001 -22"><span class='ocrx_word' id='word_1_210' title='bbox 248 3548 412 3614; x_wconf 86' lang='grc' dir='ltr'><strong><em>ἀλλά</em></strong></span> <span class='ocrx_word' id='word_1_211' title='bbox 457 3571 572 3633; x_wconf 92' lang='grc' dir='ltr'><strong><em>μιν</em></strong></span> <span class='ocrx_word' id='word_1_212' title='bbox 618 3548 917 3633; x_wconf 76' lang='grc' dir='ltr'><strong><em>ἄψορρον</em></strong></span> <span class='ocrx_word' id='word_1_213' title='bbox 960 3544 1305 3632; x_wconf 90' lang='grc' dir='ltr'><strong><em>προσέφην</em></strong></span> <span class='ocrx_word' id='word_1_214' title='bbox 1351 3547 1690 3629; x_wconf 89' lang='grc' dir='ltr'><strong><em>κεκοτηότι</em></strong></span> <span class='ocrx_word' id='word_1_215' title='bbox 1733 3552 1962 3635; x_wconf 76' lang='grc' dir='ltr'><strong><em>θυμῷ·</em></strong></span> 
     </span>
     <span class='ocr_line' id='line_1_33' title="bbox 1732 3651 1837 3704; baseline 0 0"><span class='ocrx_word' id='word_1_216' title='bbox 1732 3651 1837 3704; x_wconf 72' lang='grc'><strong><em>10*</em></strong></span> 
     </span>
    </p>
   </div>
  </div>
 </body>
</html>
