2646 3932
1007 195 1424 248 ΟΔΤΣΣΕΙΔΣ
1460 199 1502 250 1.
2191 197 2222 258 1
2236 200 2265 257 1

248 334 500 411 πάντας
544 332 646 400 ἐπ’
699 334 1131 422 ἀνθρώπους,
1178 336 1318 404 ἐπεὶ
1364 341 1591 404 ἔκτανε
1637 348 2102 424 πατροφονῆα,

253 444 589 522 Αἴγισθον
636 442 1013 526 δολόμητιν,
1061 443 1099 508 ὅ
1145 443 1217 508 οἱ
1254 442 1505 528 πατέρα
1549 446 1793 510 κλυτὸν
1838 447 2017 522 ἔκτα;
2167 461 2271 510 800

249 543 360 610 καὶ
405 546 523 630 σύ,
570 550 798 632 φίλος,
843 550 1017 632 μάλα
1061 550 1188 634 γάρ
1235 547 1298 614 σ’
1353 550 1525 634 ὁρόω
1569 554 1775 617 καλόν
1820 574 1889 616 τε
1936 549 2144 634 μέγαν
2179 573 2272 631 τε,

251 653 522 736 ἄλκιμος
569 652 734 737 ἔσσ’,
781 655 893 720 ’ἵνα
936 659 1036 732 τίς
1080 672 1153 720 σε
1199 653 1310 721 καὶ
1358 656 1696 739 ὀψιγόνων
1741 656 1816 723 ἐὺ
1861 662 2030 741 εἴπῃ.

250 759 460 844 αὐτὰρ
507 759 678 842 ἐγὼν
724 758 830 825 ἐπὶ
872 769 1002 845 νῆα
1047 763 1226 846 θοὴν
1270 763 1743 846 κατελεύσομαι
1787 764 1916 845 ἤδη

248 862 356 947 ἠδ’
410 863 714 950 ἑτάρους,
761 867 834 932 οἵ
871 868 1003 932 πού
1049 891 1129 952 με
1175 865 1327 951 μάλ’
1381 867 1752 951 ἀσχαλόωσι
1799 867 2139 952 μένοντες·

251 967 360 1035 σοὶ
406 969 468 1036 δ’
521 973 698 1060 αὐτῷ
746 970 1022 1056 μελέτω,
1068 970 1178 1037 καὶ
1223 972 1400 1057 έμῶν
1445 974 1721 1058 ἐμπάζεο
1768 975 2073 1058 μύθων.“
2167 990 2271 1039 305

337 1077 461 1160 τὴν
506 1074 567 1142 δ’
622 1071 708 1142 αὖ
764 1076 1138 1162 Τηλέμαχος
1183 1076 1599 1162 πεπνυμένος
1644 1078 1875 1144 ἀντίον
1918 1081 2121 1162 ηὔδα·

251 1180 484 1266 ,,ξει”ν’,
527 1178 570 1266 ᾗ
617 1206 721 1248 τοι
767 1179 890 1267 μὲν
933 1193 1138 1248 ταῦτα
1184 1187 1350 1269 φίλα
1395 1183 1703 1270 φρονέων
1750 1184 2119 1270 ἀγορεύεις,

252 1289 341 1364 ὥς
384 1312 455 1355 τε
500 1290 713 1375 πατὴρ
761 1280 813 1377 ᾧ
860 1291 1078 1372 παιδί,
1123 1287 1234 1355 καὶ
1281 1290 1364 1355 οὔ
1408 1312 1565 1356 ποτε
1612 1294 1896 1375 λήσομαι
1943 1292 2180 1357 αὐτῶν.

252 1392 395 1459 ἀλλ’
447 1395 566 1477 ἄγε
609 1404 740 1460 νῦν
787 1394 1124 1479 ἐπίμεινον
1169 1395 1589 1480 ἐπειγόμενός
1633 1418 1756 1480 περ
1804 1396 2022 1480 ὁδοῖο,

251 1501 430 1586 ὄφρα
476 1501 916 1586 λοεσσάμενός
959 1524 1029 1567 τε
1073 1504 1553 1587 τεταρπόμενός
1598 1526 1667 1568 τε
1715 1507 1918 1587 φίλον
1963 1513 2121 1589 κῆρ,
2169 1521 2272 1569 310

253 1607 475 1693 δῶρον
519 1609 691 1690 ἔχων
735 1605 840 1672 ἐπὶ
885 1616 1014 1690 νῆα
1058 1611 1204 1693 κίῃς
1248 1610 1500 1694 χαίρων
1545 1607 1646 1673 ένὶ
1691 1615 1924 1698 θυμῷ,

252 1721 511 1796 τιμῆεν,
557 1712 732 1797 μάλα
776 1715 1012 1795 καλόν,
1059 1713 1096 1777 ὅ
1140 1736 1245 1778 τοι
1289 1716 1630 1797 κειμήλιον
1676 1718 1856 1781 ἔσται

254 1817 320 1897 ἐξ
367 1817 555 1902 ἐμεῦ,
605 1809 713 1883 οἶα
760 1823 948 1902 φίλοι
996 1819 1198 1898 ξεῖνοι
1244 1818 1516 1898 ξείνοισι
1564 1821 1937 1886 διδοῦσιν.“

340 1925 461 1989 τὸν
507 1922 568 1989 δ’
622 1923 905 2009 ἠμείβετ’
958 1928 1180 1991 ἔπειτα
1223 1924 1384 2008 θεά,
1430 1930 1806 2008 γλαυκῶπις
1845 1924 2122 2010 Ἀθήνη·

256 2032 388 2113 ,,μή
434 2028 501 2114 μ’
555 2034 648 2097 ἔτι
694 2041 823 2097 νῦν
868 2031 1181 2117 κατέρυκε
1230 2034 1651 2115 λιλαιόμενόν
1687 2054 1808 2117 περ
1856 2033 2059 2098 ὁδοῖο.
2170 2051 2271 2097 315

255 2136 476 2222 δῶρον
524 2135 615 2220 δ’,
662 2137 801 2202 ὅττι
845 2135 925 2201 κέ
964 2159 1078 2220 μοι
1124 2138 1365 2202 δοῦναι
1412 2139 1614 2220 φίλον
1658 2131 1820 2220 ἦτορ
1867 2136 2120 2222 ἀνώγῃ,

255 2236 440 2320 αὖτις
485 2241 901 2330 ἀνερχομένῳ
950 2242 1224 2325 δόμεναι
1270 2243 1534 2308 οίκόνδε
1581 2240 1937 2328 φέρεσθαι,

259 2345 370 2413 καὶ
415 2350 590 2431 μάλα
634 2350 839 2414 καλὸν
884 2347 1079 2413 ἑλών·
1127 2346 1235 2413 σοὶ
1281 2346 1344 2413 δ’
1397 2347 1584 2426 ἄξιον
1629 2352 1809 2414 ἔσται
1857 2348 2193 2432 ἀμοιβῆς.“

332 2451 383 2536 ’ἡ
430 2450 552 2538 μὲν
597 2452 701 2540 ἄρ’
755 2448 843 2530 ὧς
889 2452 1143 2519 εἰποῦσ’
1198 2452 1406 2537 ἀπέβη
1451 2459 1829 2536 γλαυκῶπις
1869 2453 2145 2538 Ἀθήνη,

255 2559 440 2644 ὄρνις
487 2557 547 2626 δ’
601 2559 689 2637 ὣς
734 2558 1020 2624 ἀνόπαια
1066 2557 1400 2625 διέπτατο·
1444 2569 1535 2647 τῷ
1583 2558 1645 2624 δ’
1700 2558 1799 2625 ἐνὶ
1842 2566 2040 2648 θυμῷ
2168 2580 2271 2628 320

254 2670 422 2748 θῆκε
467 2664 663 2749 μένος
707 2663 816 2730 καὶ
861 2665 1145 2749 θάρσος,
1192 2662 1569 2748 ὑπέμνησέν
1612 2664 1688 2730 τέ
1729 2664 1762 2730 ἕ
1805 2669 2049 2750 πατρὸς

255 2776 508 2855 μᾶλλον
552 2768 641 2837 ἔτ’
691 2770 734 2855 ἢ
779 2773 854 2837 τὸ
900 2770 1244 2855 πάροιθεν.
1338 2769 1373 2835 ὁ
1421 2766 1495 2835 δὲ
1540 2769 1781 2855 φρεσὶν
1827 2762 1938 2855 ᾗσι
1983 2774 2230 2855 νοήσας

253 2878 602 2961 θάμβησεν
645 2878 809 2943 κατὰ
851 2879 1103 2960 θυμόν·
1150 2875 1376 2940 ὀίσατο
1421 2877 1548 2960 γὰρ
1592 2877 1761 2942 θεὸν
1805 2873 1993 2941 εἶναι.

256 2983 488 3048 αὐτίκα
535 2980 607 3050 δὲ
652 2992 1028 3068 μνηστῆρας
1073 2980 1356 3068 ἐπῴχετο
1405 2983 1670 3058 ἰσόθεος
1715 2983 1874 3066 φώς.

342 3101 517 3155 τοῖσι
563 3087 624 3155 δ’
678 3088 904 3165 ἀοιδὸς
951 3087 1128 3153 ἄειδε
1174 3089 1592 3173 περικλυτός,
1640 3089 1711 3153 οί
1751 3085 1825 3154 δὲ
1872 3099 2083 3174 σιωπῇ
2166 3107 2270 3155 325

255 3193 416 3260 εἵατ’
470 3195 848 3271 ἀκούοντες·
915 3193 950 3259 ὁ
998 3191 1059 3258 δ’
1106 3191 1384 3278 Ἀχαιῶν
1427 3195 1670 3259 νόστον
1716 3195 1937 3260 ἄειδεν

258 3303 535 3386 λυγρόν,
580 3300 662 3366 ὃν
705 3301 779 3366 έκ
831 3303 1072 3384 Τροίης
1117 3297 1485 3365 ἐπετείλατο
1534 3301 1804 3377 Παλλὰς
1844 3298 2109 3383 Ἀθήνη.

254 3415 375 3471 τοῦ
423 3405 483 3472 δ’
535 3406 952 3492 ὑπερωιόθεν
998 3403 1196 3490 φρεσὶ
1242 3405 1531 3470 σύνθετο
1577 3403 1821 3471 θέσπιν
1867 3405 2104 3488 ἀοιδὴν

256 3512 464 3597 κούρη
498 3509 804 3598 Ἰκαρίοιο
850 3514 1196 3597 περίφρων
1242 3511 1687 3594 Πηνελόπεια·
