2646 3932
958 160 1374 213 οΔΤΣΣΕΙΑΣ
1411 162 1529 215 vu
2160 158 2283 222 109

264 310 461 366 τοῦτο
508 299 589 367 δέ
627 324 732 367 τοι
778 300 972 387 ἐρέω,
1020 302 1058 367 ὅ
1102 300 1170 387 μ’
1224 302 1516 388 ἀνείρεαι
1561 299 1681 385 ἠδὲ
1726 306 2063 389 μεταλλᾷς.

260 401 531 491 Ὠγυγίη
577 430 676 484 τις
719 416 924 491 νῆσος
971 407 1359 493 ἀπόπροθεν
1404 410 1507 473 εἰν
1553 407 1663 474 ἁλὶ
1707 420 1941 474 κεῖται·

267 515 437 577 ἔνθα
479 510 602 597 μὲν
630 511 988 591 ’Ἄτλαντος
1031 514 1339 598 θυγάτηρ
1397 515 1720 579 δολόεσσα
1757 516 2053 592 Καλυψὼ
2103 589 2106 594 .
2184 531 2286 579 245

264 621 437 685 ναίει
483 619 923 704 ἐυπλόκαμος,
971 620 1157 703 δεινὴ
1203 622 1392 696 θεός·
1438 618 1604 686 οὐδέ
1642 644 1741 698 τις
1786 621 1950 706 αὐτῇ

266 727 565 808 μίσγεται
611 726 764 791 οὔτε
807 731 992 791 θεῶν
1038 726 1190 792 οὔτε
1233 732 1509 810 θνητῶν
1555 726 1961 813 ἀνθρώπων·

267 829 412 896 ἀλλ’
465 827 576 915 ἐμὲ
621 833 741 898 τὸν
787 832 1121 916 δύστηνον
1168 831 1476 917 ἐφέστιον
1520 833 1726 916 ἤγαγε
1773 833 2031 917 δαίμων

268 932 444 1020 οἷον,
492 937 638 1003 ἐπεί
677 960 791 1022 μοι
833 946 965 1021 νῆα
1008 937 1187 1020 θοὴν
1233 937 1468 1023 ἀργῆτι
1514 947 1816 1026 κεραυνῷ
2109 939 2116 944 '

270 1046 436 1121 Ζεὺς
481 1046 674 1121 ἔλσας
719 1041 988 1109 ἐκέασσε
1033 1041 1209 1133 μέσῳ
1258 1042 1360 1109 ἐνὶ
1406 1049 1628 1109 οἴνοπι
1674 1046 1912 1131 πόντῳ.
2184 1060 2287 1110 250

270 1147 443 1230 [ἔνθ’
496 1151 685 1214 ἄλλοι
729 1145 853 1233 μὲν
895 1149 1134 1227 πάντες
1180 1147 1566 1233 ἀπέφθιθεν
1611 1147 1845 1215 ἐσθλοὶ
1890 1147 2167 1235 ἑταῖροι,

268 1254 477 1340 αὐτὰρ
523 1255 650 1338 ἐγὼ
693 1257 929 1340 τρόπιν
974 1254 1177 1338 ἀγκὰς
1221 1254 1391 1321 ἑλὼν
1435 1256 1585 1333 νεὸς
1630 1254 2066 1340 ἀμφιελίσσης

269 1359 558 1446 ἐννῆμαρ
605 1363 934 1446 φερόμην·
981 1362 1219 1447 δεκάτῃ
1265 1360 1347 1427 δέ
1385 1384 1464 1445 με
1509 1359 1701 1426 νυκτὶ
1745 1362 2021 1446 μελαίνῃ

268 1474 478 1549 νῆσον
524 1465 591 1544 ἐς
628 1465 945 1552 Ὠγυγίην
988 1465 1284 1532 πέλασαν
1326 1470 1510 1550 θεοί,
1557 1470 1725 1532 ἔνθα
1770 1467 2066 1544 Καλυψὼ

269 1574 442 1638 ναίει
486 1572 925 1658 ἐυπλόκαμος,
974 1573 1158 1656 δεινὴ
1203 1575 1395 1655 θεός,
1441 1573 1483 1656 ἥ
1528 1596 1609 1657 με
1654 1575 1952 1657 λαβοῦσα
2183 1588 2287 1637 255

271 1676 594 1756 ἐνδυκέως
640 1678 852 1763 ἐφίλει
894 1702 966 1745 τε
1009 1677 1122 1744 καὶ
1166 1680 1441 1764 ἔτρεφεν
1491 1674 1611 1761 ἠδὲ
1656 1681 1946 1763 ἔφασκεν

268 1786 510 1867 θήσειν
555 1783 898 1850 ἀθάνατον
942 1782 1054 1849 καὶ
1100 1783 1397 1869 ἀγήραον
1440 1784 1656 1868 ἤματα
1699 1784 1941 1849 πάντα·

271 1888 413 1954 ἀλλ’
467 1888 627 1975 ἐμὸν
673 1890 756 1955 οὔ
799 1910 957 1955 ποτε
1000 1889 1227 1975 θυμὸν
1272 1887 1375 1954 ἐνὶ
1420 1891 1783 1973 στήθεσσιν
1827 1891 2140 1971 ἔπειθεν]

272 1999 440 2062 ἔνθα
485 1993 608 2081 μὲν
653 1994 951 2073 ἑπτάετες
995 1994 1200 2079 μένον
1245 1996 1561 2079 ἔμπεδον,
1608 1996 1839 2080 εἵματα
1886 1990 1948 2061 δ’
2000 1994 2129 2061 αἰεὶ

274 2102 555 2187 δάκρυσι
601 2101 940 2184 δεύεσκον,
983 2101 1066 2166 τά
1109 2124 1223 2186 μοι
1269 2101 1565 2185 ἄμβροτα
1603 2102 1771 2166 δῶκε
1809 2103 2136 2179 Καλυψώ·
2183 2119 2286 2169 260

274 2202 415 2272 ἀλλ’
469 2207 575 2273 ὅτε
622 2207 705 2289 δὴ
753 2206 1078 2289 ὀγδόατόν
1121 2229 1233 2291 μοι
1280 2205 1721 2290 ἐπιπλόμενον
1765 2209 1909 2284 ἔτος
1952 2202 2196 2290 ἦλθεν,

273 2312 384 2378 καὶ
426 2315 572 2378 τότε
620 2314 704 2397 δή
749 2311 816 2397 μ’
868 2310 1210 2378 ἐκέλευσεν
1255 2311 1712 2397 ἐποτρύνουσα
1757 2311 2031 2378 νέεσθαι

278 2420 490 2504 Ζηνὸς
534 2413 647 2484 ὑπ’
699 2418 1033 2503 ἀγγελίης,
1078 2417 1120 2502 ἢ
1167 2416 1279 2484 καὶ
1321 2421 1481 2495 νόος
1526 2417 1818 2504 ἐτράπετ’
1872 2419 2090 2502 αὐτῆς.

273 2523 481 2609 πέμπε
527 2519 590 2590 δ’
642 2523 749 2590 ἐπὶ
794 2525 1057 2609 σχεδίης
1100 2522 1555 2608 πολυδέσμου,
1601 2525 1814 2589 πολλὰ
1859 2522 1922 2589 δ’
1974 2526 2241 2608 ἔδωκεν,

274 2642 461 2696 σῖτον
503 2629 616 2696 καὶ
659 2628 835 2714 μέθυ
877 2629 1040 2713 ἡδύ,
1083 2627 1196 2695 καὶ
1240 2631 1538 2715 ἄμβροτα
1582 2630 1812 2714 εἵματα
1857 2628 2079 2696 ἕσσεν·
2183 2648 2285 2698 265

274 2732 481 2823 οὖρον
526 2732 600 2802 δὲ
644 2733 967 2821 προέηκεν
1011 2734 1317 2820 ἀπήμονά
1361 2758 1431 2800 τε
1478 2738 1712 2821 λιαρόν
1755 2758 1842 2801 τε.

274 2842 433 2909 ἑπτὰ
477 2838 552 2908 δὲ
594 2840 707 2907 καὶ
752 2839 909 2907 δέκα
953 2838 1075 2926 μὲν
1117 2841 1322 2907 πλέον
1367 2843 1582 2925 ἤματα
1627 2843 2168 2928 ποντοπορεύων,

276 2947 793 3033 ὀκτωκαιδεκάτῃ
840 2940 901 3012 δ’
954 2945 1166 3031 ἐφάνη
1213 2947 1373 3032 ὄρεα
1418 2949 1721 3012 σκιόεντα

274 3056 465 3138 γαίης
506 3051 852 3139 ὑμετέρης,
898 3055 1154 3137 γήθησε
1202 3051 1281 3118 δέ
1321 3076 1435 3136 μοι
1480 3056 1682 3137 φίλον
1725 3047 1886 3140 ἦτορ

278 3162 615 3248 δυσμόρῳ·
660 3154 702 3243 ἦ
747 3160 875 3245 γὰρ
922 3162 1197 3243 ἔμελλον
1243 3161 1340 3223 ἔτι
1386 3156 1781 3236 ξυνέσεσθαι
1825 3159 2000 3238 ὀιζυῖ
2181 3176 2286 3226 270

275 3271 509 3352 πολλῇ,
554 3268 677 3349 τήν
721 3289 835 3350 μοι
881 3265 1132 3351 ἐπῶρσε
1180 3265 1578 3331 Ποσειδάων
1624 3264 2026 3350 ἐνοσίχθων,

276 3371 348 3449 ὅς
391 3394 504 3456 μοι
550 3370 928 3456 ἐφορμήσας
973 3369 1255 3455 ἀνέμους
1298 3369 1615 3454 κατέδησε
1660 3369 2015 3454 κέλευθον,

274 3478 514 3563 ὤρινεν
559 3473 633 3543 δὲ
675 3477 1025 3543 θάλασσαν
1069 3475 1483 3560 ἀθέσφατον,
1530 3475 1694 3542 οὐδέ
1731 3498 1795 3541 τι
1838 3485 2013 3560 κῦμα
