2646 3932
348 207 471 272 168
1094 209 1509 260 οΔΤΣΣΕΙΑΣ
1545 210 1608 261 Κ.

336 349 588 435 ,μηκέτι
631 359 763 417 νῦν
807 351 1115 427 εὕδοντες
1160 350 1425 416 ἀωτεῖτε
1470 354 1725 433 γλυκὺν
1767 350 2017 435 ὕπνον,

334 454 477 521 ἀλλ’
532 463 746 541 ἴομεν·
794 457 876 539 δὴ
922 456 1050 542 γάρ
1097 479 1211 540 μοι
1254 454 1584 542 ἐπέφραδε
1628 459 1866 522 πότνια
1910 458 2167 542 Κίρκηέ

335 555 424 637 ὦς
468 561 760 647 ἐφάμην,
803 573 1021 627 τοῖσιν
1068 559 1128 627 δ’
1181 561 1563 627 ἐπεπείθετο
1607 564 1827 647 θυμὸς
1871 562 2156 647 ἀγήνωρ.
2247 577 2353 627 550

423 664 582 732 οὐδὲ
627 664 749 752 μὲν
795 665 940 733 οὐδ’
1001 669 1203 733 ἔνθεν
1257 689 1380 752 περ
1436 668 1777 752 ἀπήμονας
1819 663 1988 751 ἦγον
2033 667 2350 753 ἑταίρους.

328 769 669 858 Ἐλπήνωρ
717 770 796 838 δέ
834 794 934 849 τις
978 775 1125 838 ἔσκε
1178 774 1533 858 νεώτατος,
1578 773 1730 839 οὔτε
1773 796 1839 838 τι
1884 776 2038 858 λίην

335 878 606 963 ἄλκιμος
651 877 725 943 ἐν
768 876 1031 967 πολέμῳ
1079 879 1231 944 οὔτε
1278 877 1521 965 φρεσὶν
1563 871 1721 965 ᾖσιν
1765 879 2054 966 ἀρηρώς·

335 984 408 1061 ὅς
452 1007 566 1069 μοι
611 982 846 1049 ἄνευθ’
899 983 1151 1070 ἑτάρων
1197 984 1401 1069 ἰεροῖς
1446 983 1520 1050 ἐν
1566 985 1822 1068 δώμασι
1868 987 2149 1071 Κίρκης,

333 1090 578 1175 ψύχεος
624 1091 925 1176 ἱμείρων,
971 1089 1355 1170 κατελέξατο
1402 1093 1855 1175 οἰνοβαρείων.
2248 1108 2351 1158 555

333 1195 707 1281 κινυμένων
754 1195 815 1262 δ’
869 1195 1122 1282 ἑτάρων
1167 1197 1424 1280 ὅμαδον
1467 1194 1577 1261 καὶ
1624 1197 1881 1263 δοῦπον
1924 1196 2213 1275 ἀκούσας

335 1301 640 1386 ἐξαπίνης
685 1301 1012 1386 ἀνόρουσε
1065 1299 1177 1367 καὶ
1223 1301 1541 1367 ἐκλάθετο
1587 1300 1828 1387 φρεσὶν
1873 1294 2030 1388 ᾗσιν

335 1409 634 1495 ἄψορρον
678 1412 1040 1491 καταβῆναι
1088 1409 1210 1472 ἰὼν
1256 1406 1322 1483 ἐς
1367 1410 1650 1492 κλίμακα
1694 1411 1980 1492 μακρήν,

335 1513 502 1579 ἀλλὰ
544 1516 942 1598 καταντικρὺ
985 1511 1208 1595 τέγεος
1252 1511 1480 1578 πέσεν·
1527 1512 1599 1578 ἐκ
1645 1511 1724 1578 δέ
1764 1514 1837 1579 οί
1876 1514 2088 1598 αὐχὴν

335 1619 766 1706 ἀστραγάλων
812 1618 970 1703 ἐάγη
984 1667 1002 1701 ,
1048 1620 1226 1703 ψυχὴ
1276 1616 1339 1683 δ’
1384 1616 1684 1684 Ἀιδόσδε
1728 1624 2076 1702 κατῆλθεν.
2249 1636 2356 1685 560

424 1723 837 1810 ἐρχομένοισι
883 1721 958 1789 δὲ
1000 1734 1219 1790 τοῖσιν
1263 1723 1392 1806 ἐγὼ
1440 1725 1601 1808 μετὰ
1646 1729 1871 1808 μῦθον
1916 1728 2164 1790 ἔειπον·

337 1832 584 1917 ,φάσθε
627 1832 715 1898 νύ
758 1852 890 1896 που
936 1832 1198 1897 οἰκόνδε
1245 1834 1453 1915 φίλην
1498 1829 1565 1907 ἐς
1607 1831 1892 1916 πατρίδα
1935 1842 2135 1912 γαῖαν

336 1935 624 2025 ἔρχεσθ’·
670 1938 879 2023 ἄλλην
926 1935 986 2004 δ’
1037 1931 1199 2021 ἧμιν
1243 1935 1407 2002 ὁδὸν
1450 1937 1814 2023 τεκμήρατο
1860 1939 2105 2022 Κίρκη,

337 2047 431 2121 εἰς
468 2042 691 2110 Ἀίδαο
739 2046 986 2129 δόμους
1029 2040 1140 2108 καὶ
1187 2042 1458 2126 ἐπαινῆς
1506 2044 2028 2128 Περσεφονείης,

336 2159 513 2235 ψυχῇ
559 2148 1011 2235 χρησομένους
1059 2150 1361 2232 Θηβαίου
1413 2149 1798 2233 Τειρεσίαοέ
2251 2166 2356 2216 565

426 2251 516 2332 ὥς
560 2256 851 2341 ἐφάμην,
896 2264 1112 2319 τοῖσιν
1159 2249 1233 2318 δὲ
1276 2253 1690 2337 κατεκλάσθη
1740 2256 1945 2338 φίλον
1988 2248 2178 2339 ἦτορ·
2253 2280 2268 2295 ·

338 2360 630 2444 ἑζόμενοι
677 2356 750 2425 δὲ
794 2357 934 2424 κατ’
987 2354 1154 2424 αὖθι
1197 2361 1378 2440 γόων
1419 2360 1724 2424 τίλλοντό
1769 2380 1839 2424 τε
1883 2362 2135 2442 χαίτας·

338 2464 482 2533 ἀλλ’
535 2466 617 2532 οὐ
662 2467 789 2553 γάρ
832 2489 933 2543 τις
975 2465 1208 2549 πρῆξις
1254 2464 1550 2548 ἐγίγνετο
1599 2463 2090 2549 μυρομένοισιν.

428 2570 571 2638 ἀλλ’
624 2573 731 2637 ὅτε
780 2574 863 2655 δή
911 2569 974 2658 ῤ’
1028 2569 1134 2637 ἐπὶ
1179 2579 1310 2654 νῆα
1354 2572 1533 2654 θοὴν
1576 2567 1688 2635 καὶ
1733 2576 1899 2635 θῖνα
1943 2572 2287 2654 θαλάσσης

339 2679 543 2766 ᾔομεν
590 2678 949 2763 ἀχνύμενοι
992 2678 1287 2763 θαλερὸν
1332 2677 1497 2741 κατὰ
1544 2675 1755 2759 δάκρυ
1800 2673 2088 2759 χέοντες,
2252 2694 2357 2743 570

337 2789 554 2871 τόφρα
602 2782 661 2850 δ’
714 2782 818 2869 ἄρ’
873 2782 1183 2868 οἰχομένη
1229 2786 1444 2867 Κίρκη
1490 2783 1668 2866 παρὰ
1712 2780 1825 2866 νηὶ
1870 2785 2145 2867 μελαίνῃ

339 2892 608 2979 ἀρνειὸν
650 2888 1009 2973 κατέδησεν
1054 2889 1161 2954 ὄιν
1203 2889 1429 2971 θῆλύν
1470 2909 1541 2951 τε
1586 2884 1933 2971 μέλαιναν,

341 2998 485 3085 ῥεῖα
530 2996 1058 3080 παρεξελθοῦσα·
1102 2996 1202 3071 τίς
1247 2992 1333 3059 ἂν
1375 2994 1542 3059 θεὸν
1588 2992 1712 3057 οὐκ
1756 2990 2075 3058 ἐθέλοντα

340 3105 796 3190 ὀφθαλμοῖσιν
843 3099 1036 3167 ἴδοιτ’
1089 3099 1130 3184 ἢ
1178 3097 1326 3165 ἔνθ’
1379 3097 1420 3182 ἢ
1467 3101 1636 3163 ἔνθα
1679 3099 1936 3177 κιόντας
