2646 3932
998 195 1414 247 οΔΤΣΣΕΙΑΣ
1450 196 1543 247 Vl.
2183 190 2266 254 91

249 340 291 422 ἥ
343 338 414 404 οἴ
453 338 757 422 ὁμηλικίη
806 334 927 423 μὲν
972 340 1121 422 ἔην,
1167 338 1514 423 κεχάριστο
1563 332 1636 402 δὲ
1681 343 1897 425 θυμῷ.

249 454 328 530 τῇ
375 469 493 529 μιν
539 443 883 528 ἐεισαμένη
931 443 1233 528 προσέφη
1277 448 1655 527 γλαυκῶπις
1693 436 1971 526 Ἀθήνη·

251 551 681 633 ,,Ναυσικάα,
726 554 798 614 τί
827 551 913 615 νύ
952 548 1013 615 σ’
1059 545 1189 615 ὧδε
1227 552 1575 634 μεθήμονα
1612 551 1875 631 γείνατο
1912 549 2153 631 μήτηρ;
2204 561 2272 610 25

252 657 484 740 εἵματα
529 655 652 739 μέν
694 678 799 721 τοι
845 667 1053 721 κεῖται
1099 654 1347 739 ἀκηδέα
1394 657 1813 738 σιγαλόεντα,

252 759 360 828 σοὶ
407 758 480 827 δὲ
523 763 732 847 γάμος
777 764 1018 846 σχεδόν
1064 761 1273 844 ἐστιν,
1320 762 1436 826 ἵνα
1479 761 1603 845 χρὴ
1650 760 1819 825 καλὰ
1863 753 1984 844 μὲν
2029 755 2240 838 αὐτὴν

252 868 609 951 ἕννυσθαι,
654 869 734 933 τὰ
783 865 856 934 δὲ
900 879 1074 933 τοῖσι
1118 877 1512 952 παρασχεῖν,
1561 868 1633 932 οἵ
1670 864 1750 932 κέ
1789 859 1852 931 σ’
1904 865 2220 946 ἄγωνται·

253 973 325 1039 ἐκ
369 975 495 1059 γάρ
541 995 644 1037 τοι
689 974 947 1038 τούτων
993 973 1189 1056 φάτις
1235 972 1639 1057 ἀνθρώπους
1685 970 2028 1053 ἀναβαίνει

254 1078 494 1161 ἐσθλή,
540 1082 892 1164 χαίρουσιν
939 1073 1012 1142 δὲ
1056 1078 1268 1161 πατὴρ
1313 1075 1427 1142 καὶ
1470 1078 1707 1141 πότνια
1751 1077 1980 1160 μήτηρ.
2203 1088 2272 1138 30

255 1180 400 1251 ἀλλ’
454 1192 642 1270 ἴομεν
686 1181 1094 1251 πλυνέουσαι
1139 1178 1249 1268 ἅμ’
1302 1183 1419 1267 ἠοῖ
1459 1180 1982 1267 φαινομένηφιν·

255 1293 372 1357 καί
409 1314 515 1357 τοι
561 1291 688 1374 ἐγὼ
737 1291 1097 1377 συνέριθος
1141 1284 1250 1374 ἅμ’
1303 1288 1575 1374 ἕψομαι,
1622 1289 1801 1373 ὄφρα
1843 1287 2116 1371 τάχιστα

258 1395 588 1479 ἐντύνεαι,
635 1394 773 1462 ἐπεὶ
821 1397 903 1462 οὔ
947 1419 1052 1461 τοι
1100 1398 1196 1461 ἔτι
1242 1396 1370 1478 δὴν
1412 1391 1750 1479 παρθένος
1793 1394 2042 1458 ἔσσεαι·

256 1504 384 1586 ἤδη
431 1503 557 1587 γάρ
606 1519 679 1568 σε
726 1514 1018 1587 μνῶνται
1066 1501 1371 1586 ἀριστῆες
1414 1501 1577 1565 κατὰ
1624 1501 1839 1583 δῆμον

258 1609 526 1673 πάντων
568 1609 910 1690 Φαιήκων,
957 1607 1073 1672 ὅθι
1117 1630 1222 1672 τοι
1265 1604 1461 1690 γένος
1506 1604 1644 1670 ἐστὶ
1689 1603 1799 1670 καὶ
1844 1604 2029 1690 αὐτῇ.
2210 1620 2278 1668 35

261 1712 403 1780 ἀλλ’
458 1712 562 1797 ἄγ’
617 1714 983 1800 ἐπότρυνον
1027 1713 1275 1798 πατέρα
1320 1713 1564 1778 κλυτὸν
1607 1711 1785 1794 ἠῶθι
1829 1712 1957 1796 πρὸ

260 1819 578 1904 ἡμιόνους
620 1816 731 1883 καὶ
777 1818 1030 1902 ἅμαξαν
1076 1818 1461 1904 ἐφοπλίσαι,
1506 1817 1549 1900 ἥ
1595 1840 1711 1882 κεν
1757 1817 1998 1901 ἄγῃσιν

265 1926 514 2013 ζῶστρά
557 1949 626 1994 τε
672 1925 783 1993 καὶ
827 1925 1119 2004 πέπλους
1162 1924 1274 1992 καὶ
1319 1924 1524 2012 ῥήγεα
1570 1927 1977 2008 σιγαλόεντα.

262 2030 373 2098 καὶ
420 2028 493 2097 δὲ
542 2031 649 2098 σοὶ
696 2027 813 2097 ὧδ’
867 2032 1032 2117 αὐτῇ
1077 2034 1250 2097 πολὺ
1293 2032 1568 2097 κάλλιον
1611 2027 1687 2114 ἠὲ
1731 2032 2051 2096 πόδεσσιν

265 2141 602 2225 ἔρχεσθαι·
649 2139 899 2203 πολλὸν
942 2138 1070 2223 γὰρ
1117 2137 1244 2202 ἀπὸ
1289 2138 1540 2202 πλυνοί
1578 2138 1706 2202 εἰσι
1748 2138 2058 2219 πόληος.“
2213 2154 2280 2202 4ο

351 2243 393 2327 ἡ
442 2239 564 2328 μὲν
610 2241 713 2327 ἄρ’
767 2238 857 2321 ὧς
901 2242 1155 2308 εἰποῦσ’
1209 2242 1419 2327 ἀπέβη
1465 2247 1843 2326 γλαυκῶπις
1881 2236 2129 2326 Ἀθήνη

270 2342 725 2433 Οὐλυμπόνδ’,
772 2348 888 2413 ὅθι
933 2348 1100 2433 φασὶ
1142 2353 1328 2414 θεῶν
1373 2348 1524 2426 ἕδος
1568 2343 1859 2432 ἀσφαλες
1904 2346 2033 2413 αἰεὶ

268 2457 557 2540 ἔμμεναι.
650 2448 791 2520 οὔτ’
845 2453 1145 2539 ἀνέμοισι
1188 2454 1566 2520 τινάσσεται
1612 2456 1763 2520 οὔτε
1807 2448 1952 2519 ποτ’
2003 2454 2229 2542 ὄμβρῳ

269 2561 530 2625 δεύεται
576 2560 729 2625 οὔτε
774 2561 938 2644 χιὼν
983 2559 1428 2642 ἐπιπίλναται,
1476 2559 1641 2624 ἀλλὰ
1686 2556 1837 2643 μάλ’
1890 2563 2094 2643 αἴθρη

268 2664 585 2732 πέπταται
632 2664 983 2750 ἀνέφελος,
1029 2666 1229 2751 λευκὴ
1278 2664 1340 2730 δ’
1395 2664 1828 2750 ἐπιδέδρομεν
1874 2668 2096 2749 αἴγλη·
2215 2683 2281 2730 45

268 2782 359 2862 τῷ
405 2775 507 2837 ἔνι
550 2772 901 2859 τέρπονται
945 2772 1229 2857 μάκαρες
1271 2770 1426 2837 θεοὶ
1468 2772 1683 2855 ἤματα
1726 2771 1955 2837 πάντα.

270 2876 415 2944 ἔνθ’
470 2877 677 2961 ἀπέβη
723 2881 1129 2960 γλαυκῶπις,
1176 2876 1316 2943 ἐπεὶ
1363 2875 1761 2962 διεπέφραδε
1805 2879 2033 2963 κούρῃ.

361 2984 592 3050 αὐτίκα
639 2977 702 3048 δ’
748 2981 918 3060 Ἠὼς
963 2979 1175 3067 ἦλθεν
1221 2983 1578 3067 ἐύθρονος,
1623 2982 1665 3066 ἥ
1713 3007 1828 3066 μιν
1873 2987 2126 3068 ἔγειρεν

273 3091 667 3156 Ναυσικάαν
713 3089 1067 3155 ἐύπεπλον·
1113 3091 1292 3174 ἄφαρ
1342 3086 1403 3154 δ’
1456 3086 1873 3172 ἀπεθαύμασ’
1926 3090 2221 3175 ὄνειρον,

273 3199 358 3280 βῆ
406 3194 467 3260 δ’
523 3194 692 3260 ἰέναι
739 3196 849 3260 διὰ
897 3192 1187 3279 δώμαθ’,
1233 3189 1323 3258 ἵν’
1377 3193 1697 3276 ἀγγείλειε
1740 3201 2078 3276 τοκεῦσιν,
2216 3210 2283 3258 50

273 3300 472 3388 πατρὶ
516 3305 691 3390 φίλφ
735 3299 846 3367 καὶ
891 3303 1114 3387 μητρί·
1160 3302 1471 3384 κιχήσατο
1518 3296 1581 3363 δ’
1632 3299 1832 3365 ἔνδον
1877 3299 2119 3377 ἐόντας.

274 3409 316 3493 ἡ
362 3405 485 3494 μὲν
530 3402 628 3473 ἐπ’
682 3407 925 3493 ἐσχάρῃ
970 3401 1132 3489 ἧστο
1180 3407 1309 3470 σὺν
1356 3404 1790 3488 ἀμφιπόλοισι
1834 3402 2136 3487 γνναιξὶν

273 3517 566 3600 ἠλάκατα
612 3510 960 3598 στρωφῶσ’
1014 3511 1465 3595 ἁλιπόρφυρα·
1527 3519 1617 3599 τῷ
1666 3507 1738 3575 δὲ
1783 3510 2029 3594 θύραζε
