2646 3932
37 808 72 857 310

37 1344 56 1391 15

973 203 1390 255 ΟΔΤΣΣΕΙΔΣ
1427 204 1550 255 XII.
2119 202 2243 265 201

232 347 501 434 ἠρώμην
543 347 858 413 πάντεσσι
909 351 1127 428 θεοῖς,
1175 348 1248 411 οἳ
1285 343 1631 429 Ὄλυμπον
1675 346 1968 428 ἔχουσιν·

233 453 303 518 οἱ
351 451 412 518 δ’
474 454 602 539 ἄρα
646 475 760 537 μοι
805 454 1059 534 γλυκὺν
1101 450 1320 517 ὕπνον
1365 449 1472 517 ἐπὶ
1517 451 1952 536 βλεφάροισιν
1997 453 2247 534 ἔχευαν.

232 558 616 645 Εὐρύλοχος
659 551 722 624 δ’
775 555 1067 643 ἑτάροισι
1114 564 1317 640 κακῆς
1362 555 1666 642 ἐξήρχετο
1711 558 1984 641 βουλῆς·

234 661 526 748 ,κέκλυτέ
563 686 688 748 μευ
732 664 976 747 μύθων
1008 663 1197 728 ,κακά
1241 683 1365 747 περ
1411 663 1774 746 πάσχοντες
1818 660 2082 747 ἑταῖροι.
2145 677 2249 726 340

232 769 468 846 πάντες
510 764 634 853 μὲν
679 765 988 853 στυγεροὶ
1031 768 1319 833 θάνατοι
1366 769 1645 833 δειλοῖσι
1690 771 2059 853 βροτοῖσιν,

234 879 399 963 λιμῷ
447 871 509 939 δ’
563 880 894 940 οἴκτιστον
937 872 1211 939 θανέειν
1255 871 1366 938 καὶ
1411 875 1665 957 πότμον
1712 872 2025 939 ἐπισπεῖν.

234 978 375 1046 ἀλλ’
427 976 632 1064 ἄγετ’,
674 976 962 1044 Ἠελίοιο
1007 981 1188 1061 βοῶν
1234 977 1585 1054 ἐλάσαντες
1629 978 1900 1064 ἀρίστας

234 1085 506 1171 ῥέξομεν
551 1084 976 1167 ἀθανάτοισι,
1021 1082 1127 1149 τοὶ
1172 1083 1467 1169 οὐρανὸν
1513 1085 1719 1169 εὐρὺν
1765 1088 2049 1169 ἔχουσιν.

234 1195 296 1257 εί
337 1190 417 1257 δέ
456 1215 572 1257 κεν
616 1194 710 1269 εἰς
741 1189 1010 1273 Ἰθάκην
1055 1189 1461 1275 ἀφικοίμεθα
1476 1237 1496 1272 ,
1541 1192 1827 1275 πατρίδα
1871 1202 2099 1274 γαῖαν,
2145 1207 2248 1257 345

234 1292 397 1375 αἶψά
439 1321 556 1363 κεν
594 1295 829 1384 Ἠελίῳ
865 1293 1194 1381 ’Ίὶτερίονι
1238 1298 1440 1361 πίονα
1482 1298 1650 1380 νηὸν

232 1401 575 1487 τεύξομεν,
623 1402 696 1469 ἐν
742 1402 823 1468 δέ
860 1425 933 1468 κε
977 1407 1213 1486 θεῖμεν
1251 1401 1589 1486 ἀγάλματα
1625 1404 1836 1468 πολλα
1873 1401 1983 1469 καὶ
2021 1346 2247 1468 ἐσθλά.

233 1511 297 1574 εί
339 1506 412 1575 δὲ
457 1508 917 1595 χολωσάμενός
961 1530 1026 1571 τι
1069 1510 1251 1590 βοῶν
1298 1507 1807 1592 ὀρθοκραιράων

230 1611 340 1698 νῆ’
395 1613 594 1700 ἐθέλῃ
642 1612 901 1695 ὀλέσαι,
950 1611 1056 1678 ἐπὶ
1103 1610 1165 1678 δ’
1219 1611 1546 1678 ε’σπωνται
1590 1612 1744 1679 θεοὶ
1790 1616 2010 1698 ἄλλοι,

231 1714 509 1805 βούλομ’
559 1719 729 1800 ἅπαξ
755 1720 920 1804 πρὸς
945 1729 1122 1803 κῦμα
1149 1719 1374 1803 χανὼν
1401 1718 1527 1785 ἀπὸ
1555 1722 1780 1803 θυμὸν
1809 1720 2106 1804 ὀλέσσαι,
2146 1738 2249 1787 350

232 1825 272 1909 ἢ
321 1827 501 1911 δηθὰ
547 1825 990 1910 στρεύγεσθαι
1035 1824 1164 1890 ἐὼν
1210 1823 1284 1889 ἐν
1328 1827 1510 1913 νήσῳ
1557 1825 1806 1911 ἐρήμῃ.6

321 1927 411 2009 ὧς
455 1927 641 2017 ἔφατ’
693 1930 1109 2016 Εὐρύλοχος,
1157 1928 1263 1996 ἐπὶ
1311 1928 1374 1995 δ’
1426 1929 1628 2017 ᾔνεον
1674 1933 1863 1998 ἄλλοι
1909 1931 2173 2021 ἑταῖροι.

234 2038 468 2102 αὐτίκα
513 2034 575 2102 δ’
622 2033 909 2102 Ἠελίοιο
953 2039 1135 2121 βοῶν
1180 2036 1531 2114 ἐλάσαντες
1576 2037 1845 2123 ἀρίστας

234 2143 554 2227 ἐγγύθεν,
601 2141 684 2207 οὐ
727 2143 854 2226 γὰρ
900 2146 1053 2224 τῆλε
1097 2143 1249 2219 νεὸς
1292 2143 1796 2228 κυανοπρώροιο

232 2245 673 2332 βοσκέσκονθ’
728 2246 937 2324 ἕλικες
981 2246 1175 2313 καλαὶ
1220 2250 1373 2330 βόες
1418 2247 1902 2333 εὐρυμέτωποι,
2146 2268 2249 2317 355

233 2356 348 2432 τὰς
393 2350 467 2419 δὲ
512 2354 915 2438 περίστησάν
958 2376 1029 2418 τε
1072 2351 1184 2418 καὶ
1230 2353 1630 2437 εὐχετόωντο
1675 2360 1970 2441 θεοῖσιν,
2103 2379 2106 2380 ’

235 2461 456 2545 φύλλα
503 2460 902 2544 δρεψάμενοι
946 2457 1180 2543 τέρενα
1227 2460 1431 2543 δρυὸς
1475 2458 1857 2544 ὑψικόμοιο·

234 2566 318 2632 οὐ
363 2566 489 2649 γὰρ
535 2568 688 2648 ἔχον
732 2575 847 2649 κρῖ
888 2566 1127 2630 λευκὸν
1173 2564 1542 2648 ἐυσσέλμου
1588 2564 1694 2630 ἐπὶ
1740 2571 1915 2650 νηός.

231 2673 442 2758 αὐτὰρ
491 2670 636 2736 ἐπεί
676 2668 736 2756 ῥ’
791 2671 1061 2751 εὔξαντο
1108 2669 1219 2736 καὶ
1265 2671 1560 2756 ἔσφαξαν
1602 2670 1714 2737 καὶ
1759 2674 2053 2759 ἔδειραν,

232 2777 486 2864 μηρούς
529 2774 588 2841 τ’
641 2774 952 2860 ἐξέταμον
995 2777 1159 2842 κατά
1203 2800 1272 2842 τε
1317 2781 1512 2863 κνίσῃ
1561 2777 1897 2856 ἐκάλυψαν
2145 2798 2249 2848 360

234 2886 514 2969 δίπτυχα
560 2884 982 2965 ποιήσαντες,
1029 2880 1129 2946 ἐπ’
1183 2883 1404 2948 αὐτῶν
1451 2880 1512 2947 δ’
1567 2882 2018 2968 ὠμοθέτησαν.

232 2987 380 3054 οὐδ’
433 2985 614 3075 εἶχον
659 2987 837 3074 μέθυ
875 2991 1096 3065 λεῖψαι
1142 2986 1241 3054 ἐπ’
1294 2987 1681 3073 αἰθομένοις
1728 2990 2036 3075 ἱεροῖσιν,

231 3091 378 3159 ἀλλ’
429 3094 624 3159 ὕδατι
669 3093 1065 3171 σπένδοντες
1110 3093 1427 3161 ἐπώπτων
1472 3098 1709 3178 ἔγκατα
1752 3096 1984 3162 πάντα.

231 3199 445 3284 αὐτὰρ
492 3198 631 3265 ἐπεὶ
674 3202 839 3266 κατὰ
882 3209 1060 3285 μῆρα
1103 3201 1228 3284 κάη
1273 3198 1385 3265 καὶ
1431 3202 1772 3286 σπλάγχνα
1816 3201 2143 3286 πάσαντο,

229 3307 595 3392 μίστυλλόν
630 3302 688 3369 τ’
732 3307 860 3391 ἄρα
886 3300 1092 3371 τᾶλλα
1119 3304 1230 3371 καὶ
1258 3303 1422 3391 ἀμφ’
1459 3306 1794 3389 ὀβελοῖσιν
1821 3308 2106 3393 ἔπειραν.
2145 3325 2247 3376 365

321 3412 432 3479 καὶ
476 3414 624 3478 τότε
667 3434 781 3496 μοι
825 3414 1180 3498 βλεφάρων
1225 3412 1532 3492 ἐξέσσυτο
1577 3414 1874 3496 νήδυμος
1921 3413 2158 3496 ὕπνος,

228 3523 363 3604 βῆν
409 3516 472 3584 δ’
527 3516 696 3584 ἰέναι
742 3517 847 3584 ἐπὶ
891 3527 1021 3603 νῆα
1062 3520 1241 3601 θοὴν
1285 3517 1396 3584 καὶ
1440 3524 1604 3584 θῖνα
1649 3520 2008 3603 θαλάσσης.
