2646 3932
400 203 488 267 60
1144 202 1560 255 οΔΤΣΣΕῙΑΣ
1595 203 1657 255 A.

403 345 548 413 ἀλλ’
602 347 710 413 ὅτε
754 369 870 411 κεν
916 346 999 429 δή
1047 342 1108 411 σ’
1162 344 1362 422 αὐτὸς
1406 343 1745 429 ἀνείρηται
1788 343 2119 430 ἐπέεσσιν,
2316 363 2421 413 420

399 464 580 530 τοῖος
625 451 786 534 ἐών,
832 443 980 517 οἷόν
1022 474 1096 517 κε
1141 447 1637 535 κατευνηθέντα
1680 451 1951 535 ἴδησθε,

264 569 270 575 ’
398 558 510 625 καὶ
554 561 702 625 τότε
750 558 833 641 δὴ
881 555 1164 642 σχέσθαι
1206 580 1278 622 τε
1321 558 1473 640 βίης
1517 560 1721 623 λῦσαί
1757 580 1827 623 τε
1871 556 2182 644 γέροντα,

403 666 614 751 ἥρως,
660 669 961 750 εἴρεσθαι
1007 661 1113 745 δέ,
1157 667 1341 728 θεῶν
1387 662 1460 740 ὅς
1503 664 1604 740 τίς
1647 679 1722 729 σε
1765 662 2098 749 χαλέπτει,

401 774 645 837 νόστον
687 768 807 853 θ’,
839 770 928 847 ὡς
972 767 1080 836 ἐπὶ
1123 771 1375 834 πόντον
1419 767 1717 835 ἐλεύσεαι
1762 771 2193 855 ἰχθυόεντα.6’

490 872 580 954 ὧς
624 873 879 942 είποῦσ’
929 875 1060 941 ὑπὸ
1105 877 1355 942 πόντον
1399 873 1670 941 ἐδύσετο
1715 878 2137 961 κυμαίνοντα.
2315 896 2421 947 425

401 983 611 1069 αὐτὰρ
658 980 830 1065 ἐγὼν
875 978 981 1048 ἐπὶ
1023 989 1218 1065 νῆας,
1264 977 1376 1046 ὅθ’
1427 979 1712 1046 ἕστασαν
1756 980 1831 1047 ἐν
1873 984 2318 1070 ψαμάθοισιν,

403 1090 549 1173 ἤια,
593 1089 808 1154 πολλὰ
852 1086 931 1154 δέ
970 1111 1085 1172 μοι
1127 1087 1367 1172 κραδίη
1408 1089 1716 1173 πόρφυρε
1759 1090 1989 1154 κιόντι.

406 1195 616 1280 αὐτὰρ
661 1192 808 1260 ἐπεί
847 1191 908 1280 ῥ’
961 1191 1068 1258 ἐπὶ
1111 1201 1240 1276 νῆα
1285 1194 1669 1277 κατήλυθον
1711 1190 1831 1276 ἠδὲ
1873 1195 2253 1280 θάλασσαν,

406 1305 658 1387 δόρπον
701 1297 776 1365 θ’
829 1295 1293 1383 ὁπλισάμεσθ’,
1339 1297 1454 1365 ἐπί
1489 1296 1548 1364 τ’
1598 1298 1856 1381 ἤλυθεν
1900 1299 2227 1387 ἀμβροσίη
2273 1304 2422 1384 νύξ·

407 1409 491 1492 δὴ
535 1409 682 1473 τότε
727 1407 1144 1490 κοιμήθημεν
1188 1402 1296 1470 ἐπὶ
1343 1404 1614 1491 ῥηγμῖνι
1656 1406 2018 1490 θαλάσσης.
2313 1426 2422 1476 430

405 1510 572 1600 ἦμος
617 1510 679 1579 δ’
731 1508 1067 1597 ἠριγένεια
1110 1511 1292 1594 φάνη
1341 1509 1829 1596 ῥοδοδάκτυλος
1867 1509 2067 1597 Ἠώς,

404 1617 516 1686 καὶ
559 1622 706 1685 τότε
754 1618 837 1701 δὴ
882 1618 1059 1703 παρὰ
1102 1621 1267 1682 θῖνα
1311 1617 1659 1701 θαλάσσης
1704 1616 2103 1705 εὐρυπόροιο

405 1726 520 1809 ἤια
563 1725 777 1790 πολλὰ
818 1726 1025 1801 θεοὺς
1068 1722 1547 1807 γουνούμενος·
1592 1721 1803 1809 αὐτὰρ
1848 1723 2150 1811 ἑταίρους

404 1842 581 1918 τρεῖς
627 1832 821 1914 ἄγον,
868 1821 1002 1896 οἷσι
1047 1829 1328 1913 μάλιστα
1371 1831 1696 1895 πεποίθεα
1737 1839 1957 1897 πᾶσαν
2001 1829 2101 1897 ἐπ’
2153 1835 2332 1900 ίθύν.

404 1940 622 2024 τόφρα
669 1934 731 2002 δ’
783 1933 889 2023 ἄρ’
940 1935 983 2020 ἢ
1026 1932 1090 2020 γ’
1140 1933 1451 2001 ὑποδῦσα
1492 1936 1838 2020 θαλάσσης
1881 1937 2078 2025 εὐρέα
2121 1942 2371 2008 κόλπον

401 2042 691 2130 τέσσαρα
735 2043 1026 2128 φωκάων
1071 2040 1145 2107 ἐκ
1187 2044 1440 2107 πόντου
1485 2039 1750 2127 δέρματ’
1802 2046 2079 2110 ἔνεικεν·
2319 2064 2424 2115 430

400 2150 620 2216 πάντα
665 2147 727 2215 δ’
780 2151 941 2214 ἔσαν
986 2148 1338 2232 νεόδαρτα·
1385 2147 1588 2213 δόλον
1632 2145 1697 2214 δ’
1747 2148 2102 2235 ἐπεμήδετο
2147 2156 2361 2240 πατρί.

401 2255 603 2332 εὐνὰς
649 2252 711 2320 δ’
763 2253 838 2320 ἐν
881 2254 1258 2338 ψαμάθοισι
1303 2252 1699 2336 διαγλάψασ’
1752 2255 2019 2342 ἁλίῃσιν

404 2357 567 2446 ἧστο
612 2356 908 2445 μένουσ’·
991 2358 1180 2443 ἡμεῖς
1223 2355 1297 2424 δὲ
1344 2359 1520 2443 μάλα
1564 2361 1805 2445 σχεδὸν
1847 2362 2150 2447 ἤλθομεν
2194 2364 2425 2449 αὐτῆς·

402 2466 614 2551 ἑξείης
660 2464 722 2531 δ’
775 2465 1045 2549 εὔνησε,
1091 2465 1296 2548 βάλεν
1341 2462 1404 2530 δ’
1457 2463 1565 2530 ἐπὶ
1614 2464 1822 2552 δέρμα
1866 2466 2131 2558 ἑκάστῳ.
2319 2487 2425 2538 440

406 2576 578 2639 ἔνθα
619 2596 736 2638 κεν
783 2572 1126 2649 αἰνότατος
1171 2572 1365 2655 λόχος
1409 2572 1667 2638 ἔπλετο·
1710 2582 1883 2659 τεῖρε
1927 2575 2055 2660 γὰρ
2100 2577 2303 2654 αἰνῶς

401 2679 697 2764 φωκάων
740 2674 1188 2762 ἁλιοτρεφέων
1232 2675 1600 2755 ὀλοώτατος
1644 2678 1845 2763 ὀδμή·

406 2786 506 2861 τίς
548 2784 676 2869 γάρ
720 2780 781 2848 κ’
834 2784 1100 2872 εἰναλίῳ
1146 2783 1325 2868 παρὰ
1367 2784 1554 2867 κήτει·
1592 2787 1972 2869 κοιμηθείη;

402 2887 553 2955 ἀλλ’
607 2888 773 2972 αὐτὴ
820 2887 1070 2955 ἐσάωσε
1113 2886 1226 2954 καὶ
1270 2888 1606 2975 ἐφράσατο
1651 2888 1796 2975 μέγ’
1849 2892 2103 2978 ὄνειαρ·

402 2995 780 3081 ἀμβροσίην
821 2993 952 3061 ὑπὸ
999 2995 1153 3079 ῥῖνα
1199 2993 1449 3084 ἑκάστω
1492 3000 1663 3079 θῆκε
1708 2995 2009 3083 φέρουσα
2320 3015 2424 3065 445

408 3102 538 3185 ἡδὺ
583 3101 761 3185 μάλα
805 3102 1200 3184 πνείουσαν,
1247 3101 1477 3167 ὄλεσσε
1523 3097 1599 3167 δὲ
1642 3105 1872 3186 κήτεος
1917 3102 2147 3189 ὀδμήν.

401 3217 627 3273 πᾶσαν
674 3204 736 3273 δ’
788 3206 987 3290 ἠοίην
1030 3205 1317 3291 μένομεν
1360 3209 1657 3290 τετληότι
1699 3213 1899 3297 θυμῷ
1915 3229 1931 3246 ·

401 3324 626 3398 φῶκαι
671 3310 734 3379 δ’
787 3312 855 3393 ἐξ
898 3312 1058 3390 ἁλὸς
1099 3305 1319 3396 ἦλθον
1364 3310 1644 3391 ἀολλέες.
1735 3314 1812 3380 αἱ
1849 3311 1972 3400 μὲν
2016 3318 2239 3381 ἔπειτα

402 3418 552 3502 ἑξῆς
597 3419 949 3500 εὐνάζοντο
992 3419 1170 3506 παρὰ
1214 3419 1484 3506 ῥηγμῖνι
1526 3419 1899 3504 θαλάσσης·

401 3527 626 3604 ἔνδιος
671 3523 733 3592 δ’
786 3525 823 3592 ὁ
867 3524 1082 3612 γε’ρων
1124 3519 1282 3609 ἦλθ’
1334 3524 1402 3604 ἐξ
1448 3524 1634 3609 ἁλός,
1679 3519 1832 3613 εὗρε
1877 3523 1952 3593 δὲ
1996 3528 2225 3612 φώκας
2321 3544 2425 3595 460
