2646 3932
362 162 442 224 10
1107 165 1523 215 οΔΤΣΣΕιΑΣ
1561 166 1621 213 A.

353 305 395 388 ἦ
441 328 556 369 κεν
601 307 931 388 νοστήσας
976 305 1383 388 ἀποτίσεται,
1429 300 1505 388 ἦε
1550 303 1661 370 καὶ
1708 305 1886 387 οὐκί,

358 402 537 475 οἷσιν
583 407 684 475 ἐνὶ
729 411 1100 494 μεγάροισι·
1147 405 1222 475 σὲ
1268 406 1343 475 δὲ
1390 411 1760 496 φράζεσθαι
1805 411 2063 493 ἄνωγα,

355 515 579 592 ὅππως
622 539 695 580 κε
739 524 1115 600 μνηστῆρας
1160 514 1452 580 ἀπώσεαι
1497 514 1569 581 ἐκ
1612 516 1943 601 μεγάροιο.
2276 529 2381 579 mo

354 623 418 687 εί
460 619 523 685 δ’
577 622 694 705 ἄγε
738 629 868 686 νῦν
913 620 1122 700 ξυνίει
1165 617 1277 685 καὶ
1321 619 1498 704 ἐμῶν
1544 619 1819 704 ἐμπάζεο
1864 620 2121 704 μύθων.

356 728 594 812 αὔριον
639 729 732 803 είς
779 726 1032 811 ἀγορὴν
1076 724 1356 801 καλέσας
1397 725 1619 809 ἥρωας
1657 723 1956 809 Ἀχαιοὺς

360 837 586 915 μῦθον
630 829 927 914 πέφραδε
972 839 1163 913 πᾶσι,
1208 828 1363 895 θεοὶ
1409 827 1470 896 δ’
1524 830 1956 916 έπιμάρτυροι
2001 832 2226 896 ἔστων.

362 946 740 1022 μνηστῆρας
784 933 906 1021 μὲν
951 934 1057 1002 ἐπὶ
1105 934 1391 1021 σφέτερα
1437 938 1840 1002 σκίδνασθαι
1885 938 2143 1021 ἄνωχθι
2154 984 2173 1018 ,

358 1042 603 1128 μητέρα
651 1040 751 1126 δ’,
797 1048 865 1108 εἴ
902 1043 973 1108 οἱ
1011 1045 1230 1126 θυμὸς
1277 1042 1645 1128 ἐφορμᾶται
1690 1042 2087 1127 γαμέεσθαι,
2279 1059 2380 1106 275

358 1148 451 1225 ἂψ
499 1155 614 1213 ἴτω
663 1147 729 1225 ἐς
773 1147 1062 1233 μέγαρον
1107 1149 1354 1233 πατρὸς
1399 1146 1564 1232 μέγα
1611 1148 2040 1231 δυναμένοιο·

358 1255 429 1321 οἱ
469 1250 543 1319 δὲ
586 1255 802 1337 γάμον
847 1253 1152 1333 τεύξουσι
1197 1253 1308 1319 καὶ
1355 1252 1795 1341 ἀρτυνέουσιν
1839 1255 2034 1319 ἔεδνα

361 1361 600 1444 [πολλὰ
645 1357 797 1445 μάλ’
815 1407 835 1443 ,
880 1360 1047 1425 ὄσσα
1092 1361 1264 1425 ἔοικε
1311 1364 1512 1444 φίλης
1557 1346 1663 1425 ἐπὶ
1707 1362 1943 1437 παιδὸς
1988 1359 2314 1438 ἕπεσθαι.]

359 1465 467 1533 σοὶ
513 1464 575 1531 δ’
629 1465 806 1553 αὐτῷ
853 1477 1146 1542 πυκινῶς
1189 1466 1651 1549 ὑποθήσομαι,
1698 1471 1776 1530 αἴ
1811 1489 1883 1530 κε
1929 1469 2188 1549 πίθηαι.

358 1570 457 1655 νῆ’
511 1573 718 1658 ἄρσας
763 1568 1064 1656 ἐρέτῃσιν
1108 1571 1425 1653 ἐείκοσιν,
1470 1572 1513 1654 ἤ
1557 1594 1657 1648 τις
1702 1570 1969 1657 ἀρίστη,
2277 1586 2382 1635 280

360 1682 546 1763 ἔρχεο
593 1678 999 1760 πευσόμενος
1043 1678 1290 1763 πατρὸς
1336 1677 1467 1760 δὴν
1512 1676 1920 1761 οἰχομένοιο,

361 1785 446 1866 ἥν
491 1786 589 1859 τίς
632 1805 737 1847 τοι
782 1788 1003 1867 εἴπῃσι
1049 1784 1308 1868 βροτῶν
1352 1781 1395 1866 ἢ
1442 1784 1651 1848 ὄσσαν
1697 1783 1985 1870 ἀκούσῃς

362 1889 432 1955 ἐκ
477 1891 674 1971 Διός,
719 1888 761 1972 ἥ
805 1911 874 1953 τε
922 1888 1204 1973 μάλιστα
1250 1886 1439 1974 φέρει
1483 1886 1672 1965 κλέος
1718 1888 2193 1976 ἀνθρώποισιν.

362 2007 585 2079 πρῶτα
631 1990 753 2078 μὲν
799 1992 866 2071 ἐς
911 1994 1146 2060 Πύλον
1192 1990 1347 2060 ἐλθὲ
1392 1993 1503 2060 καὶ
1547 2000 1721 2079 εἴρεο
1768 1995 2074 2080 Νέστορα
2120 1997 2301 2077 δῖον,

363 2107 590 2165 κεῖθεν
636 2095 711 2164 δὲ
755 2100 1151 2184 Σπάρτηνδε
1195 2101 1374 2184 παρὰ
1422 2100 1674 2179 ξανθὸν
1718 2099 2096 2166 Μενέλαον·
2276 2117 2381 2167 285

363 2206 435 2282 ὃς
478 2207 606 2290 γὰρ
652 2207 964 2282 δεύτατος
1008 2199 1219 2287 ἦλθεν
1258 2202 1538 2289 Ἀχαιῶν
1582 2207 2101 2289 χαλκοχιτώνων.

363 2315 425 2376 εἰ
466 2310 587 2396 μέν
630 2334 745 2376 κεν
789 2312 1035 2394 πατρὸς
1079 2313 1309 2394 βίοτον
1353 2308 1463 2376 καὶ
1508 2313 1752 2375 νόστον
1798 2310 2114 2395 ἀκούσῃς,

361 2413 402 2501 ἦ
448 2415 506 2482 τ’
558 2415 643 2482 ἂν
687 2418 1087 2501 τρυχόμενός
1131 2437 1253 2500 περ
1300 2418 1397 2481 ἔτι
1440 2418 1667 2499 τλαίης
1712 2414 2044 2481 ἐνιαυτόν·

367 2525 429 2588 εἰ
472 2521 551 2589 δέ
589 2546 661 2588 κε
706 2528 1082 2605 τεθνηῶτος
1128 2520 1416 2605 ἀκούσῃς
1460 2519 1614 2606 μηδ’
1666 2519 1755 2586 ἔτ’
1809 2520 2062 2605 ἐόντος,

363 2632 687 2713 νοστήσας
734 2629 816 2712 δὴ
863 2630 1084 2693 ἔπειτα
1130 2631 1336 2711 φίλην
1381 2626 1447 2703 ἐς
1491 2628 1775 2710 πατρίδα
1817 2639 2016 2710 γαῖαν
2275 2645 2380 2694 290

365 2735 539 2819 σῆμά
582 2732 658 2798 τέ
699 2733 770 2798 οἱ
807 2742 994 2817 χεῦαι
1039 2731 1149 2798 καὶ
1196 2730 1302 2798 ἐπὶ
1347 2731 1576 2817 κτέρεα
1621 2731 1939 2818 κτερεΐξαι

364 2840 578 2905 πολλὰ
622 2836 802 2922 μάλ’,
851 2837 1018 2904 ὄσσα
1063 2842 1264 2922 ἔοικε,
1310 2836 1421 2903 καὶ
1467 2836 1653 2923 ἀνέρι
1699 2837 1945 2923 μητέρα
1991 2840 2246 2904 δοῦναι.

364 2946 571 3029 αὐτὰρ
619 2944 785 3027 ἐπὴν
830 2944 912 3027 δὴ
959 2953 1164 3009 ταῦτα
1208 2946 1600 3028 τελευτήσῃς
1643 2966 1714 3009 τε
1757 2942 1868 3009 καὶ
1913 2944 2131 3029 ἔρξῃς,

364 3052 734 3137 φράζεσθαι
779 3051 861 3134 δὴ
910 3053 1130 3115 ἔπειτα
1173 3050 1339 3114 κατὰ
1384 3047 1598 3134 φρένα
1640 3047 1750 3113 καὶ
1795 3050 1958 3114 κατὰ
2000 3053 2255 3133 θυμόν,

366 3157 590 3232 ὅππως
633 3179 706 3221 κε
753 3163 1129 3239 μνηστῆρας
1174 3154 1275 3220 ε’νὶ
1321 3154 1665 3238 μεγάροισι
1707 3165 1958 3219 τεοῖσιν
2279 3171 2382 3221 295

363 3266 620 3348 κτείνῃς
664 3257 740 3344 ἠὲ
787 3261 960 3349 δόλφ
1006 3260 1047 3345 ἢ
1095 3260 1435 3346 ἀμφαδόν·
1482 3257 1645 3324 οὐδέ
1684 3261 1755 3323 τί
1792 3275 1867 3324 σε
1912 3258 2036 3344 χρὴ

363 3369 645 3454 νηπιάας
691 3365 924 3451 ὀχέειν,
972 3365 1112 3433 ἐπεὶ
1158 3368 1378 3433 οὐκέτι
1423 3367 1687 3449 τηλίκος
1732 3364 1891 3429 ἐσσί.

363 3471 404 3559 ἦ
452 3474 575 3540 οὐκ
621 3473 812 3556 ἀίεις,
860 3464 1008 3538 οἷον
1051 3472 1240 3549 κλέος
1285 3474 1517 3555 ἔλλαβε
1564 3470 1707 3546 δῖος
1745 3467 2045 3554 Ὀρέστης
