2646 3932
995 214 1410 266 οΔΤΣΣΕῙΑΣ
1447 217 1595 269 vm.
2183 212 2301 279 121

287 359 557 442 λείηναν
602 353 676 422 δὲ
719 359 955 442 χορόν,
1001 358 1208 422 καλὸν
1252 355 1315 423 δ’
1369 358 1662 443 εὔρυναν
1707 358 1948 442 ἀγῶνα.
2203 375 2306 425 260

285 461 490 549 κῆρυξ
537 460 598 528 δ’
652 461 945 546 ἐγγύθεν
988 458 1158 547 ἦλθε
1205 462 1433 550 φέρων
1478 466 1817 549 φόρμιγγα
1863 468 2118 547 λίγειαν

285 570 688 658 Δημοδόκῳ·
735 568 772 635 6
819 564 882 634 δ’
934 572 1156 635 ἔπειτα
1199 564 1298 635 κί’
1352 569 1418 647 ἐς
1462 568 1697 654 μέσον,
1744 569 1915 656 ἀμφὶ
1961 567 2033 636 δὲ
2071 580 2305 656 κοῦροι

285 678 640 761 πρωθῆβαι
685 676 951 740 ἵσταντο
964 723 983 758 ,
1032 676 1359 760 δαήμονες
1405 675 1803 761 ὀρχηθμοῖο,

285 779 622 865 πέπληγον
668 776 742 846 δὲ
785 782 988 867 χορὸν
1032 786 1228 847 θετον
1272 784 1492 847 ποσίν.
1566 782 1774 867 αὐτὰρ
1815 777 2166 859 Ὀδυσσεὺς

287 888 720 973 μαρμαρυγὰς
761 893 995 971 θηεῖτο
1041 889 1301 971 ποδῶν,
1345 888 1641 972 θαύμαζε
1689 884 1763 954 δὲ
1809 895 2026 977 θυμῷ.
2203 903 2306 954 265

376 993 585 1079 αὐτὰρ
630 992 667 1059 6
715 996 1054 1079 φορμίζων
1100 992 1496 1078 ἀνεβάλλετο
1541 995 1748 1060 καλὸν
1793 994 2042 1060 ἀείδειν

289 1094 450 1184 ἀμφ’
488 1097 720 1185 ’Ἄρεος
765 1102 1117 1184 φιλότητος
1162 1099 1575 1184 ἐυστεφάνου
1619 1095 1677 1165 τ’
1725 1095 2145 1187 Ἀφροδίτης,

290 1206 378 1283 ὡς
419 1206 500 1270 τὰ
543 1216 770 1291 πρῶτα
815 1208 1105 1290 μίγησαν
1151 1205 1224 1272 έν
1259 1203 1657 1291 Ἡφαίστοιο
1705 1208 2012 1291 δόμοισιν

290 1312 539 1397 λάθρῃ,
583 1312 796 1378 πολλὰ
841 1307 905 1378 δ’
955 1313 1189 1395 ἔδωκε,
1235 1311 1425 1397 λέχος
1470 1307 1531 1376 δ’
1583 1310 1829 1397 ᾔσχυνε
1873 1311 1985 1378 καὶ
2029 1312 2236 1395 εὐνὴν

281 1415 672 1502 Ἡφαίστοιο
718 1420 1013 1496 ἄνακτος.
1088 1420 1269 1503 ἄφαρ
1316 1416 1397 1483 δέ
1438 1418 1509 1483 οί
1549 1419 1826 1500 ἄγγελος
1868 1412 2082 1500 ἦλθεν
2202 1435 2306 1483 270

278 1520 536 1605 ”Ηλιος,
583 1523 621 1588 ὅ
666 1519 783 1610 σφ’
835 1525 1068 1609 ἐνόησε
1113 1523 1588 1609 μιγαζομένους
1633 1525 1953 1608 φιλότητι.

244 1626 644 1713 ’”Ηφαιστος
691 1624 753 1695 δ’
806 1630 896 1707 ὡς
939 1623 1065 1695 οὖν
1108 1628 1457 1714 θυμαλγέα
1500 1635 1727 1714 μῦθον
1771 1629 2085 1713 ἄκουσεν,

289 1739 373 1819 βῆ
421 1730 483 1821 ῤ’
535 1742 683 1820 ἴμεν
728 1735 795 1813 ές
837 1741 1177 1820 χαλκεῶνα
1220 1738 1389 1802 κακὰ
1435 1734 1634 1822 φρεσὶ
1678 1735 2228 1819 βυσσοδομεύων,

291 1840 364 1907 ἐν
401 1836 463 1906 δ’
507 1837 681 1907 ἔθετ’
725 1841 1071 1931 ἀκμοθέτῳ
1110 1841 1318 1928 μέγαν
1355 1843 1632 1927 ἄκμονα,
1676 1844 1874 1907 κόπτε
1912 1838 1984 1907 δὲ
2023 1841 2309 1927 δεσμοὺς

291 1947 660 2035 ἀρρήκτους
705 1947 1018 2033 ἀλύτους,
1065 1943 1222 2036 ὄφρ’
1273 1950 1561 2034 ἔμπεδον
1606 1943 1771 2014 αὖθι
1816 1946 2098 2033 μένοιεν.
2205 1965 2309 2015 275

292 2055 501 2140 αὐτὰρ
549 2053 688 2121 ἐπεὶ
733 2057 816 2140 δὴ
862 2056 1046 2136 τεῦξε
1095 2057 1299 2122 δόλον
1344 2052 1792 2139 κεχολωμένος
1819 2052 2033 2139 Ἄρει,

290 2165 375 2246 βῆ
423 2160 484 2248 ῤ’
537 2168 685 2246 ἴμεν
729 2161 796 2239 ἐς
837 2162 1178 2247 θάλαμον,
1225 2162 1343 2227 ὅθι
1388 2161 1460 2227 οἰ
1500 2165 1663 2247 φίλα
1711 2159 1945 2244 δέμνια
1988 2171 2194 2227 κεῖτο·

293 2266 463 2353 ἀμφὶ
508 2262 570 2333 δ’
622 2263 727 2353 ἄρ’
779 2267 1040 2354 ἑρμῖσιν
1083 2268 1190 2353 χέε
1237 2267 1528 2353 δέσματα
1573 2268 1792 2356 κύκλῳ
1840 2266 2124 2352 ἁπάντῃ·

291 2374 503 2438 πολλὰ
549 2370 622 2438 δὲ
666 2371 778 2438 καὶ
821 2374 1211 2460 καθύπερθε
1257 2376 1680 2460 μελαθρόφιν
1726 2371 2133 2456 ἐξεκέχυντο,

292 2477 436 2563 ἠύτ’
490 2479 770 2565 ἀράχνια
815 2480 1047 2564 λεπτά,
1093 2481 1175 2546 τά
1220 2477 1284 2564 γ’
1338 2481 1421 2546 οὔ
1465 2478 1545 2546 κέ
1583 2503 1683 2557 τις
1722 2474 1882 2544 οὐδὲ
1919 2480 2160 2562 ἴδοιτο,
2208 2495 2312 2546 280

294 2581 453 2651 οὐδὲ
497 2591 682 2651 θεῶν
727 2586 1069 2671 μακάρων·
1113 2584 1263 2672 πέρι
1308 2586 1437 2672 γὰρ
1484 2587 1802 2651 δολόεντα
1846 2582 2133 2649 τέτυκτο.

294 2692 503 2777 αὐτὰρ
550 2689 690 2757 ἐπεὶ
735 2692 818 2775 δὴ
863 2692 1079 2757 πάντα
1124 2693 1330 2758 δόλον
1373 2690 1524 2777 περὶ
1570 2689 1806 2775 δέμνια
1848 2699 2072 2774 χεῦεν,

293 2795 497 2865 εἴσατ’
552 2805 700 2883 ἴμεν
745 2797 812 2875 ές
856 2802 1164 2882 Λῆμνον,
1211 2797 1599 2881 ἐυκτίμενον
1642 2799 2074 2882 πτολίεθρον,

293 2905 336 2988 ἥ
382 2903 455 2970 οἰ
490 2905 747 2988 γαιάων
791 2907 964 2970 πολὺ
1008 2904 1290 2989 φιλτάτη
1338 2902 1520 2969 ἐστὶν
1565 2901 1888 2968 ἁπασέων.

296 3010 442 3076 οὐδ’
494 3010 694 3088 ἀλαὸς
739 3010 1022 3093 σκοπιὴν
1067 3005 1200 3094 εἶχε
1243 3012 1603 3095 χρυσήνιος
1631 3007 1862 3093 Ἄρης,
2212 3025 2314 3075 285

297 3117 386 3194 ὡς
432 3117 576 3181 ἴδεν
605 3114 985 3201 ”Ηφαιστον
1027 3114 1471 3200 κλυτοτέχνην
1514 3118 1720 3199 νόσφι
1766 3116 2022 3179 κιόντα·

295 3227 381 3307 βῆ
429 3220 491 3287 δ’
547 3221 716 3289 ἰέναι
761 3224 926 3309 πρὸς
973 3224 1160 3307 δῶμα
1203 3226 1602 3308 περικλυτοῦ
1638 3218 2031 3305 Ἡφαίστοιο

298 3332 628 3414 ἰσχανόων
673 3331 1024 3414 φιλότητος
1069 3327 1483 3413 ἐυστεφάνου
1529 3329 1919 3411 Κυθερείης.

295 3435 338 3520 ἡ
386 3431 460 3501 δὲ
504 3434 664 3501 νέον
706 3436 884 3520 παρὰ
929 3434 1174 3519 πατρὸς
1228 3432 1610 3519 ἐρισθενέος
1655 3434 2043 3518 Κρονίωνος

297 3539 616 3627 ἐρχομένη
663 3538 802 3607 κατ’
857 3538 961 3624 ἄρ’
1014 3537 1221 3620 ἕζεθ’·
1268 3538 1304 3605 6
1352 3536 1414 3605 δ’
1456 3546 1612 3605 εἴσω
1652 3538 1951 3620 δώματος
1987 3536 2162 3623 ᾔειν,
2211 3553 2314 3601 290
