2646 3932
456 192 588 256 200
792 251 796 256 ,
1201 195 1618 247 ΟΔΤΣΣΕῙΑΣ
1656 198 1725 250 Μ.

447 334 592 421 ἄγχ’
645 335 888 414 ὕδατος
932 342 1312 422 γλυκεροῖο,
1357 337 1467 403 καὶ
1513 337 1919 421 ἐξαπέβησαν
1964 335 2211 422 ἑταῖροι

446 446 635 527 νηός,
682 446 903 508 ἔπειτα
949 439 1023 508 δὲ
1070 443 1325 528 δόρπον
1371 442 1813 528 ἐπισταμένως
1856 442 2223 510 τετύκοντο.

447 548 655 634 αὐτὰρ
702 547 842 615 ἐπεὶ
885 551 1119 626 πόσιος
1161 547 1272 614 καὶ
1318 548 1593 633 ἐδητύος
1638 549 1704 629 ἐξ
1751 552 1908 634 ἔρον
1953 548 2133 632 ἕντο,

447 656 858 740 μνησάμενοι
905 656 988 738 δὴ
1036 657 1256 720 ἔπειτα
1301 658 1542 739 φίλους
1587 657 1852 720 ἔκλαιον
1897 653 2227 740 ἑταίρους,

449 760 566 839 οὓς
610 764 815 847 ἔφαγε
859 763 1129 844 Σκύλλη
1176 765 1523 845 γλαφυρῆς
1567 761 1639 826 ἐκ
1684 763 1843 846 νηὸς
1888 761 2156 827 ἑλοῦσα·
2373 779 2502 828 310

448 870 861 934 κλαιόντεσσι
907 863 981 932 δὲ
1024 877 1241 932 τοῖσιν
1286 865 1580 950 ἐπήλυθε
1626 870 1922 953 νήδυμος
1965 868 2189 945 ὕπνος.

448 969 614 1058 ἦμος
658 970 733 1039 δὲ
777 977 966 1058 τρίχα
1009 974 1249 1051 νυκτὸς
1293 975 1441 1057 ἔην,
1488 975 1647 1057 μετὰ
1695 972 1758 1039 δ’
1810 976 2018 1060 ἄστρα
2062 977 2408 1059 βεβήκειν,

451 1075 666 1164 ὦρσεν
711 1082 817 1145 ἔπι
866 1082 1023 1162 ζαῆν
1069 1081 1317 1163 ἄνεμον
1359 1078 1840 1164 νεφεληγερέτα
1887 1084 2056 1157 Ζεὺς

452 1189 720 1251 λαίλαπι
762 1188 1116 1270 θεσπεσίῃ,
1164 1188 1293 1250 σὺν
1342 1182 1414 1251 δὲ
1459 1183 1767 1271 νεφέεσσι
1812 1188 2109 1264 κάλυψεν

451 1303 650 1375 γαῖαν
696 1290 866 1376 ὁμοῦ
908 1289 1019 1356 καὶ
1063 1293 1340 1357 πόντον·
1386 1292 1623 1377 ὀρώρει
1662 1290 1723 1357 δ’
1767 1293 2145 1377 οὐρανόθεν
2178 1294 2320 1373 νύξ.
2369 1311 2487 1359 315

452 1394 618 1483 ἦμος
663 1395 725 1464 δ’
776 1397 1108 1482 ἠριγένεια
1154 1398 1335 1481 φάνη
1383 1398 1870 1483 ῥοδοδάκτυλος
1909 1396 2107 1481 Ἠώς,

454 1514 581 1589 νῆα
623 1501 746 1589 μὲν
790 1505 1169 1589 ὡρμίσαμεν
1221 1508 1451 1568 κοῖλον
1497 1504 1694 1581 σπέος
1738 1505 2220 1590 εἰσερύσαντες·

455 1614 624 1677 ἔνθα
670 1607 731 1676 δ’
783 1612 944 1675 ἔσαν
986 1608 1306 1694 νυμφέων
1351 1608 1542 1675 καλοὶ
1587 1609 1777 1695 χοροὶ
1821 1606 1941 1693 ήδὲ
1984 1613 2267 1676 θόωκοι·

455 1715 565 1783 καὶ
607 1713 741 1782 τότ’
795 1715 966 1799 ἐγὼν
1012 1715 1265 1800 ἀγορὴν
1307 1714 1594 1799 θέμενος
1638 1716 1797 1800 μετὰ
1843 1721 2069 1800 μῦθον
2113 1719 2365 1783 ἔειπον·

457 1820 531 1908 ,ὦ
578 1827 796 1907 φίλοι,
843 1822 917 1889 ἐν
960 1824 1088 1907 γαρ
1132 1821 1247 1906 νηὶ
1291 1827 1427 1907 θοῇ
1473 1825 1720 1907 βρῶσίς
1763 1845 1834 1887 τε
1879 1825 2072 1899 πόσις
2115 1847 2187 1888 τε
2367 1840 2471 1888 320

457 1933 668 2014 ἔστιν,
711 1941 847 1995 τῶν
893 1924 967 1995 δὲ
1011 1932 1194 2013 βοῶν
1240 1927 1663 2014 ἀπεχώμεθα,
1710 1930 1800 2013 μή
1846 1952 1909 1994 τι
1954 1930 2301 2016 πάθωμεν·

459 2038 687 2103 δεινοῦ
729 2037 857 2122 γὰρ
902 2041 1073 2101 θεοῦ
1119 2036 1263 2100 αἵδε
1308 2037 1461 2118 βόες
1504 2034 1615 2101 καὶ
1661 2042 1811 2121 ἴφια
1856 2040 2057 2120 μῆλα,

453 2142 751 2226 Ἠελίου,
797 2141 871 2219 ὃς
914 2139 1105 2207 πάντ’
1157 2140 1372 2228 ἐφορᾷ
1417 2139 1528 2206 καὶ
1572 2140 1763 2207 πάντ’
1817 2142 2164 2210 ἐπακούειὲ

548 2245 639 2327 ὧς
684 2248 976 2334 ἐφάμην,
1020 2258 1237 2313 τοῖσιν
1284 2244 1347 2311 δ’
1402 2246 1783 2314 ἐπεπείθετο
1828 2250 2047 2332 θυμὸς
2092 2249 2373 2335 ἀγήνωρ.

460 2365 636 2441 μῆνα
681 2349 755 2418 δὲ
798 2349 988 2418 πάντ’
1033 2354 1353 2436 ἄλληκτος
1388 2352 1472 2435 ἄη
1510 2355 1760 2437 Νότος,
1807 2352 1972 2419 οὐδέ
2000 2377 2100 2432 τις
2136 2357 2333 2432 ἄλλος
2367 2372 2468 2422 325

459 2457 703 2546 γίγνετ’
755 2456 952 2525 ἔπειτ’
1005 2457 1268 2542 ἀνέμων
1313 2459 1377 2523 εἰ
1418 2459 1506 2542 μὴ
1555 2454 1775 2544 Εὖρός
1818 2483 1888 2525 τε
1935 2462 2155 2537 Νότος
2199 2484 2286 2527 τε.

461 2568 534 2634 οί
573 2565 635 2633 δ’
687 2567 838 2643 εἵως
881 2561 1003 2650 μὲν
1050 2576 1236 2630 σῖτον
1281 2566 1437 2649 ἔχον
1479 2563 1590 2630 καὶ
1636 2560 1826 2630 οἶνον
1872 2565 2194 2651 ἐρυθρόν,

460 2677 679 2760 τόφρα
722 2675 903 2757 βοῶν
948 2669 1269 2755 ἀπέχοντο
1326 2673 1733 2754 λιλαιόμενοι
1776 2674 2045 2755 βιότοιο.

462 2777 605 2846 ἀλλ’
660 2779 767 2844 ὅτε
814 2779 896 2861 δὴ
942 2778 1104 2860 νηὸς
1149 2774 1461 2861 ἐξέφθιτο
1505 2777 1619 2858 ἤια
1664 2777 1907 2861 πάντα,
2251 2846 2255 2849 Α

460 2885 572 2954 καὶ
618 2886 701 2970 δὴ
747 2886 960 2969 ἄγρην
1006 2881 1372 2968 ἐφέπεσκον
1418 2881 1846 2966 ἀλητεύοντες
1891 2885 2173 2971 ἀνάγκη,
2323 2877 2328 2886 ’
2366 2903 2467 2950 330

464 2995 662 3080 ἰχθῦς
707 2991 987 3077 ὄρνιθάς
1030 3013 1129 3072 τε,
1177 2992 1377 3074 φίλας
1422 2989 1522 3054 ὅτι
1567 3000 1788 3075 χεῖρας
1832 2991 2069 3074 ἵκοιτο,

469 3100 858 3183 [γναμπτοῖς
903 3097 1387 3180 ἀγκίστροισιν,
1434 3098 1639 3180 ε”τειρε
1686 3092 1760 3162 δὲ
1804 3096 2087 3181 γαστέρα
2132 3100 2368 3181 λιμός·]

467 3206 548 3289 δὴ
595 3201 728 3269 τότ’
781 3202 952 3286 ἐγὼν
998 3203 1124 3268 ἀνὰ
1168 3211 1380 3286 νῆσον
1426 3199 1805 3286 ἀπέστιχον,
1852 3202 2030 3286 ὄφρα
2073 3207 2334 3267 θεοῖσιν

465 3311 814 3394 εὐξαίμην,
860 3315 928 3375 εἴ
961 3312 1063 3386 τίς
1107 3332 1219 3394 μοι
1266 3308 1429 3374 ὁδὸν
1474 3309 1705 3392 φήνειε
1752 3303 2046 3372 νέεσθαι.

468 3411 610 3483 ἀλλ’
661 3416 767 3482 ὅτε
815 3416 898 3500 δὴ
946 3417 1056 3481 διὰ
1103 3417 1313 3501 νήσου
1361 3416 1483 3479 ἰὼν
1526 3414 1734 3497 ἤλυξα
1778 3411 2105 3500 ἑταίρους,
2367 3431 2465 3480 335

468 3534 690 3609 χεῖρας
734 3522 1122 3606 νιψάμενος,
1170 3518 1280 3585 ὅθ’
1334 3517 1439 3585 ἐπὶ
1487 3518 1743 3596 σκέπας,
1767 3514 1854 3602 ἧν
1898 3517 2194 3604 ἀνέμοιο,
