2646 3932
979 194 1397 247 οΔ-ΤΣΣΕΙΑΣ
1431 197 1525 251 π
2176 194 2262 259 93

331 337 407 401 αί
446 331 509 401 δ’
561 338 669 403 ὅτε
716 338 799 420 δὴ
846 348 1169 421 ποταμοῖο
1215 337 1378 423 ῥόον
1423 335 1795 422 περικαλλέ’
1847 339 2101 421 ἵκοντο,
2195 355 2261 404 85

241 440 389 507 ἔνθ’
442 438 482 525 ἦ
529 467 634 508 τοι
679 441 921 508 πλυνοὶ
965 437 1138 525 ἦσαν
1184 442 1562 526 ἐπηετανοί,
1609 445 1782 508 πολὺ
1830 440 1891 507 δ’
1943 442 2127 527 ὕδωρ

240 548 447 613 καλὸν
490 547 940 633 ὑπεκπρόρεεν
984 548 1161 631 μάλα
1205 567 1329 632 περ
1377 547 1727 633 ῥυπόωντα
1771 552 2094 632 καθῆραι,

242 647 390 718 ἔνθ’
441 654 516 718 αἵ
552 648 616 736 γ’
665 652 987 736 ἡμιόνους
1030 648 1153 736 μὲν
1196 650 1742 737 ὑπεκπροέλυσαν
1787 651 2058 735 ἀπήνης.

242 757 353 822 καὶ
398 759 514 835 τὰς
556 754 680 842 μὲν
724 767 930 823 σεῦαν
974 759 1274 842 ποταμὸν
1318 758 1515 842 πάρα
1544 758 1854 842 δινήεντα

242 863 524 947 τρώγειν
568 863 901 948 ἄγρωστιν
945 861 1284 947 μελιηδέα·
1346 860 1455 926 ταὶ
1501 856 1564 926 δ’
1616 860 1725 927 ἀπ’
1779 861 2034 947 ἀπήνης
2197 880 2264 928 90
2303 905 2310 912 .

244 970 477 1054 εἵματα
521 967 749 1053 χερσὶν
794 967 1024 1034 ἕλοντο
1069 965 1181 1032 καὶ
1226 966 1554 1052 ἐσφόρεον
1600 965 1810 1051 μέλαν
1853 967 2068 1052 ὕδωρ,

243 1076 512 1157 στεῖβον
560 1071 621 1138 δ’
675 1071 748 1137 ἐν
793 1073 1109 1156 βόθροισι
1151 1077 1338 1147 θοῶς
1383 1072 1572 1156 ἔριδα
1618 1071 2093 1157 προφέρουσαι.

245 1181 453 1265 αὐτὰρ
501 1177 640 1245 ἐπεὶ
685 1178 947 1243 πλῦνάν
991 1200 1062 1243 τε
1105 1177 1417 1262 κάθηράν
1459 1201 1529 1243 τε
1576 1178 1753 1264 ῥύπα
1797 1180 2043 1260 πάντα,

245 1286 452 1369 ἑξείης
496 1284 786 1351 πέτασαν
829 1285 1009 1369 παρὰ
1050 1282 1195 1348 θῖν’
1249 1283 1436 1367 ἁλός,
1482 1278 1593 1369 ἧχι
1639 1286 1921 1369 μάλιστα

245 1392 519 1475 λάιγγας
563 1389 715 1456 ποτὶ
760 1388 1001 1474 χέρσον
1046 1388 1502 1455 ἀποπλύνεσκε
1547 1389 1875 1454 θάλασσα.
2198 1404 2266 1452 95

247 1498 326 1564 αί
371 1494 445 1563 δὲ
491 1498 926 1580 λοεσσάμεναι
969 1494 1081 1560 καὶ
1125 1496 1519 1580 χρισάμεναι
1565 1492 1698 1561 λίπ’
1752 1494 1947 1583 ἐλαίῳ

248 1604 521 1668 δεῖπνον
566 1600 780 1674 ἔπειθῗ
835 1603 1093 1667 εἴλοντο
1139 1599 1294 1687 παρ’
1350 1603 1637 1687 ὄχθῃσιν
1682 1611 2036 1685 ποταμοῖο,

246 1711 478 1794 εἵματα
523 1706 587 1774 δ’
638 1709 889 1792 ἠελίοιο
937 1705 1144 1792 μένον
1185 1710 1580 1792 τερσήμεναι
1625 1706 1815 1791 αὐγῇ.

246 1814 454 1899 αὐτὰρ
501 1811 641 1879 ἐπεὶ
686 1817 876 1878 σίτου
920 1812 1227 1897 τάρφθεν
1272 1813 1495 1896 δμωαί
1531 1835 1601 1877 τε
1648 1812 1759 1878 καὶ
1806 1812 2000 1895 αὐτή,

247 1923 499 2007 σφαίρῃ
534 1918 643 1986 ταὶ
680 1917 743 1984 δ’
787 1916 892 2005 ἄρ’
928 1920 1194 1997 ἔπαιζον
1231 1916 1359 1982 ἀπὸ
1394 1919 1731 2003 κρήδεμνα
1766 1920 2118 2002 βαλοῦσαι·
2168 1932 2267 1982 100

245 2037 397 2113 τῇσι
443 2024 517 2093 δὲ
563 2026 919 2091 Ναυσικάα
964 2025 1369 2101 λευκώλενος
1412 2024 1647 2109 ἤρχετο
1696 2028 1965 2107 μολπῆς.

248 2134 355 2217 οἴη
404 2131 465 2198 δ’
500 2130 804 2216 ’Ἀρτεμις
850 2126 978 2196 εἶσι
1021 2129 1162 2195 κατ’
1216 2130 1419 2214 οὔρεα
1466 2128 1789 2213 ἰοχέαιρα,

245 2237 288 2322 ἢ
333 2238 497 2303 κατὰ
551 2235 885 2319 Τηΰγετον
930 2237 1368 2319 περιμήκετον
1409 2233 1452 2318 ἢ
1493 2232 1947 2319 Ἐρύμανθον,

247 2341 612 2429 τερπομένη
657 2341 971 2425 κάπροισι
1014 2338 1125 2406 καὶ
1172 2341 1405 2424 ὠκείῃς
1452 2339 1834 2425 ἐλάφοισιν·

247 2458 325 2535 τῇ
373 2447 453 2514 δέ
489 2446 564 2513 θ’
616 2447 750 2532 ἅμα
793 2446 1081 2531 νύμφαι,
1126 2455 1365 2531 κοῦραι
1408 2447 1577 2523 Διὸς
1621 2448 1979 2530 αἰγιόχοιο,
2167 2462 2268 2510 105

249 2555 611 2640 ἀγρονόμοι
653 2556 993 2635 παίζουσι,
1039 2550 1286 2636 γέγηθε
1335 2550 1415 2619 δέ
1454 2575 1523 2618 τε
1570 2550 1785 2637 φρένα
1827 2550 2055 2634 Λητώ·

248 2662 524 2726 πασάων
570 2657 631 2724 δ’
684 2655 851 2743 ὑπὲρ
897 2658 939 2741 ἥ
983 2682 1059 2741 γε
1105 2659 1272 2743 κάρη
1321 2660 1454 2742 ἔχει
1498 2654 1616 2741 ἠδὲ
1662 2656 1954 2742 μέτωπα,

250 2767 394 2852 ῥεῖά
438 2764 496 2832 τ’
550 2765 882 2850 ἀριγνώτη
928 2763 1220 2848 πέλεται,
1266 2763 1462 2829 καλαὶ
1509 2762 1589 2829 δέ
1628 2787 1697 2828 τε
1742 2773 1975 2829 πᾶσαι·

250 2866 339 2947 ὥς
382 2871 424 2954 ἥ
468 2868 534 2954 γ’
588 2870 1026 2954 ἀμφιπόλοισι
1072 2867 1427 2953 μετέπρεπε
1471 2866 1809 2952 παρθένος
1854 2867 2080 2953 ἀδμής.

338 2975 481 3042 ἀλλ’
534 2976 641 3041 ὅτε
688 2976 772 3060 δὴ
819 2969 925 3060 ἄρ’
977 2976 1202 3058 ἔμελλε
1246 2975 1449 3039 πάλιν
1494 2976 1758 3039 οίκόνδε
1801 2972 2075 3039 νέεσθαι
2168 2992 2268 3040 110

253 3080 501 3161 ζεύξασ’
551 3081 872 3166 ἡμιόνους
915 3079 1211 3158 πτύξασά
1254 3104 1325 3145 τε
1372 3081 1602 3165 εἵματα
1644 3080 1843 3162 καλά,

250 3185 398 3252 ἔνθ’
453 3182 603 3253 αὖτ’
657 3186 802 3253 ἄλλ’
856 3186 1089 3270 ἐνόησε
1133 3186 1295 3269 θεά,
1343 3191 1718 3269 γλαυκῶπις
1756 3184 2036 3269 Ἀθήνη,

251 3293 340 3372 ὡς
379 3291 691 3370 Ὀδυσεὺς
736 3295 996 3378 ἔγροιτο
1055 3293 1190 3357 ἴδοι
1234 3289 1292 3356 τ’
1347 3291 1641 3357 ἐυώπιδα
1685 3291 1968 3377 κούρην,

250 3401 291 3483 ἥ
338 3400 411 3465 οί
455 3400 768 3482 Φαιήκων
813 3398 1082 3483 ἀνδρῶν
1127 3400 1327 3463 πόλιν
1369 3396 1706 3480 ἡγήσαιτο.

250 3516 544 3590 σφαῖραν
589 3500 787 3570 ἔπειτ’
816 3506 1068 3589 ’ἔρριψε
1114 3499 1251 3588 μετ’
1305 3502 1687 3587 ἀμφίπολον
1731 3504 2067 3585 βασίλεια·
2168 3518 2265 3567 115
