2646 3932
1000 161 1418 212 οΔΤΣΣΕΙΑΣ
1455 163 1519 214 Ἀ
2144 161 2264 226 161

250 304 503 389 φάσκεν
549 302 943 368 ἐλεύσεσθαι
986 306 1438 389 χρυσόρραπις
1484 302 1926 390 ἀργεϊφόντης

250 407 323 474 ἐκ
374 412 612 494 Τροίης
656 408 930 474 ἀνιόντα
974 414 1110 494 θοῇ
1158 412 1285 473 σὺν
1330 407 1445 492 νηὶ
1490 412 1784 494 μελαίνῃ.

251 509 395 579 ἀλλ’
445 516 563 598 ἄγε
608 514 689 599 δὴ
745 520 953 604 κολεῷ
1000 511 1121 599 μὲν
1167 516 1290 600 ἄορ
1336 514 1492 599 θέο,
1537 526 1662 581 νῶι
1708 511 1770 581 δ’
1820 519 2043 581 ἔπειτα

250 620 449 703 εὐνῆς
491 619 807 707 ἡμετέρης
850 620 1255 704 ἐπιβείομεν,
1302 622 1483 705 ὄφρα
1527 618 1790 706 μιγέντε
1854 653 1863 662 ·

251 726 414 811 εὐνῇ
456 724 568 791 καὶ
611 729 914 812 φιλότητι
957 728 1371 811 πεποίθομεν
1417 726 1845 811 ἀλλήλοισινὲ
2166 745 2271 795 335

342 828 431 910 ὧς
474 828 686 918 ἔφατ’,
732 833 940 919 αὐτὰρ
989 831 1118 915 ἐγώ
1165 857 1281 917 μιν
1328 832 1759 917 ἀμειβόμενος
1803 833 2228 919 προσέειπον·

253 934 329 1022 ,ὦ
375 941 618 1026 Κίρκη,
664 950 803 1016 πῶς
845 939 972 1025 γάρ
1019 962 1100 1023 με
1143 937 1361 1005 κέλεαι
1408 936 1517 1004 σοὶ
1559 940 1760 1022 ἤπιον
1805 936 2007 1023 εἶναι,

252 1045 294 1128 ἥ
339 1067 454 1130 μοι
499 1054 619 1122 σῦς
663 1042 785 1129 μὲν
830 1047 1075 1129 ἔθηκας
1121 1043 1221 1109 ἐνὶ
1264 1045 1655 1129 μεγάροισιν
1701 1045 2033 1132 ἑταίρους,

253 1152 460 1218 αὐτὸν
505 1146 567 1217 δ’
618 1146 852 1217 ἐνθάδ’
902 1153 1146 1235 ἔχουσα
1193 1148 1740 1235 δολοφρονέουσα
1783 1153 2071 1229 κελεύεις

254 1257 321 1334 ἐς
362 1258 672 1341 θάλαμόν
715 1250 773 1319 τ’
825 1252 995 1320 ἰέναι
1036 1252 1148 1319 καὶ
1193 1263 1313 1337 σῆς
1359 1253 1746 1338 ἐπιβήμεναι
1793 1256 2020 1339 εὐνῆς,
2169 1273 2275 1322 340

255 1365 433 1449 ὄφρα
477 1386 558 1446 με
602 1359 1041 1446 γυμνωθέντα
1083 1360 1287 1424 κακὸν
1332 1358 1443 1424 καὶ
1489 1359 1783 1446 ἀνήνορα
1823 1350 2036 1447 θείης.

257 1464 404 1534 οὐδ’
454 1467 538 1533 ἂν
584 1467 710 1551 ἐγώ
758 1462 821 1550 γ’
872 1464 1169 1548 ἐθέλοιμι
1213 1473 1364 1548 τεῆς
1409 1465 1797 1551 ἐπιβήμεναι
1842 1467 2070 1551 εὐνῆς,

254 1577 320 1640 εἰ
359 1577 450 1660 μή
494 1598 609 1660 μοι
652 1575 878 1655 τλαίης
922 1595 1028 1654 γε,
1073 1571 1234 1654 θεά,
1280 1569 1489 1655 μέγαν
1536 1572 1738 1658 ὅρκον
1784 1573 2097 1658 ὀμόσσαι,

254 1684 344 1765 μή
387 1683 459 1745 τί
496 1703 611 1765 μοι
657 1679 833 1768 αὐτῷ
880 1687 1061 1762 πῆμα
1106 1678 1312 1742 κακὸν
1356 1676 1803 1763 βουλευσέμεν
1849 1681 2054 1746 ἄλλο.ί

344 1782 432 1864 ὧς
468 1786 753 1871 ἐφάμην,
797 1784 838 1868 ἡ
879 1779 941 1849 δ’
992 1777 1205 1849 αὐτίκ’
1256 1783 1633 1868 ἀπώμνυεν,
1680 1784 1771 1862 ὡς
1806 1784 2129 1851 ἐκέλευον.
2172 1805 2277 1854 345

257 1896 463 1981 αὐτὰρ
511 1893 657 1958 ἐπεί
697 1886 757 1981 ῥ’
809 1889 1053 1977 ὄμοσέν
1098 1913 1168 1955 τε
1212 1888 1604 1975 τελεύτησέν
1649 1914 1719 1955 τε
1763 1892 1882 1955 τὸν
1929 1891 2161 1977 ὅρκον,

256 2000 366 2066 καὶ
409 1995 543 2066 τότ’
596 1999 722 2082 ἐγὼ
769 2001 1020 2085 Κίρκης
1065 1995 1307 2081 ἐπέβην
1355 1995 1778 2083 περικαλλέος
1823 1997 2035 2081 εὐνῆς.

347 2106 710 2192 ἀμφίπολοι
758 2099 817 2169 δ’
870 2105 998 2189 ἄρα
1046 2102 1208 2181 τέως
1252 2100 1376 2187 μὲν
1431 2101 1532 2169 ένὶ
1583 2102 1931 2188 μεγάροισι
1997 2102 2278 2172 πένοντο

259 2212 598 2297 τέσσαρες,
646 2212 720 2276 αἵ
761 2212 833 2277 οἰ
877 2212 1061 2295 δῶμα
1107 2211 1272 2275 κάτα
1319 2211 1700 2296 δρήστειραι
1747 2211 1960 2274 ἔασιν·

260 2323 602 2402 γίγνονται
631 2313 693 2383 δ’
725 2319 852 2403 ἄρα
878 2320 992 2382 ταί
1010 2311 1074 2400 γ’
1106 2319 1181 2382 ἔκ
1206 2339 1276 2381 τε
1303 2315 1602 2403 κρηνέων
1631 2315 1759 2381 ἀπό
1786 2311 1845 2380 τ’
1883 2315 2138 2383 ἀλσέων
2175 2334 2279 2383 350

261 2427 334 2490 ἔκ
375 2420 449 2489 θ’
502 2424 699 2509 ἱερῶν
742 2433 1084 2507 ποταμῶν,
1132 2423 1203 2488 οἵ
1241 2416 1298 2486 τ’
1352 2424 1446 2498 εἰς
1493 2422 1694 2486 ἅλαδε
1739 2419 2161 2507 προρέουσιν.

260 2532 438 2597 τάων
482 2530 523 2613 ἡ
570 2526 692 2614 μὲν
738 2531 971 2613 ἔβαλλε
1017 2530 1296 2614 θρόνοις
1341 2530 1444 2593 ἔνι
1489 2528 1694 2613 ῥήγεα
1737 2528 1905 2592 καλὰ

260 2637 608 2722 πορφύρεα
651 2629 1056 2721 καθύπερθ’,
1101 2633 1433 2721 ὑπένερθε
1480 2631 1556 2700 δὲ
1600 2628 1741 2699 λῖθ’
1791 2632 2190 2718 ὑπέβαλλεν·

260 2745 300 2828 ἡ
348 2739 409 2809 δ’
462 2741 646 2828 ἑτέρη
692 2741 1109 2827 προπάροιθε
1152 2742 1428 2827 θρόνων
1474 2740 1752 2814 ἐτίταινε
1798 2739 2114 2825 τραπέζας

261 2847 617 2937 ἀργυρέας,
664 2844 771 2911 ἐπὶ
817 2844 897 2911 δέ
937 2863 1058 2931 σφι
1103 2850 1280 2912 τίθει
1323 2847 1600 2934 χρύσεια
1642 2846 1899 2911 κάνεια·
2178 2865 2280 2913 355

263 2957 302 3039 ἡ
352 2953 425 3021 δὲ
467 2957 652 3041 τρίτη
698 2960 975 3039 κρητῆρι
1020 2955 1392 3038 μελίφρονα
1439 2948 1629 3019 οἶνον
1675 2952 1901 3039 ἐκίρνα

264 3063 434 3145 ἡδὺν
479 3061 554 3127 ἐν
600 3058 933 3147 ἀργυρέῳ,
979 3057 1136 3144 νέμε
1183 3056 1256 3124 δὲ
1299 3061 1574 3144 χρύσεια
1618 3061 1936 3125 κύπελλα·

263 3168 303 3250 ἡ
353 3164 427 3234 δὲ
470 3167 740 3252 τετάρτη
786 3164 973 3252 ὕδωρ
1018 3164 1246 3251 ἐφόρει
1290 3165 1404 3231 καὶ
1447 3175 1580 3253 πῦρ
1622 3163 1926 3231 ἀνέκαιεν

263 3276 512 3341 πολλὸν
555 3272 684 3338 ὑπὸ
731 3273 994 3359 τρίποδι
1038 3272 1333 3361 μεγάλῳ,
1381 3274 1627 3339 ἰαίνετο
1674 3266 1737 3336 δ’
1786 3271 1988 3358 ὕδωρ.

265 3381 473 3466 αὐτὰρ
521 3377 662 3445 ἐπεὶ
708 3379 789 3462 δὴ
840 3378 1063 3457 ζέσσεν
1107 3377 1292 3462 ὕδωρ
1341 3376 1443 3444 ἐνὶ
1486 3380 1689 3461 ἤνοπι
1731 3381 1982 3466 χαλκῷ,
2180 3394 2283 3442 360

262 3490 329 3564 ἔς
376 3481 437 3571 ῤ’
490 3485 866 3570 ἀσάμινθον
911 3483 1117 3549 ἕσασα
1163 3479 1261 3549 λό’
1314 3482 1387 3549 ἐκ
1432 3486 1744 3569 τρίποδος
1788 3483 2131 3568 μεγάλοιο,

372 3602 571 3641 lionam
600 3598 836 3640 Onnum.
888 3600 924 3639 Ι.
1791 3594 1855 3640 11
