2646 3932
307 166 438 232 152
1059 169 1476 220 0AT22E1A2
1512 170 1575 219 K

300 305 342 394 ἦ
390 308 602 376 ἀκέων
644 314 881 395 τλαίην
925 309 1037 377 καὶ
1081 314 1178 376 ἔτι
1223 313 1447 389 ζωοῖσι
1489 312 1769 394 μετείην.

303 415 454 483 ἀλλ’
506 420 701 502 ἔτλην
745 415 857 483 καὶ
903 420 1158 503 ἔμεινα,
1202 417 1666 501 καλυψάμενος
1710 412 1772 481 δ’
1825 414 1927 481 ἐνὶ
1970 413 2084 499 νηὶ

301 526 550 608 κείμην.
644 524 720 589 αἰ
760 521 822 595 δ’
875 522 1195 610 ἐφέροντο
1239 531 1407 609 κακῇ
1453 522 1723 607 ἀνέμοιο
1767 520 2021 607 θυέλλῃ

303 623 489 706 αὖτις
534 627 638 695 ἐπ’
692 632 978 714 Αἰολίην
1019 638 1259 713 νῆσον,
1306 629 1702 714 στενάχοντο
1748 625 1809 693 δ’
1862 627 2127 715 ἑταῖροι.
2253 644 2320 693 55

392 737 561 801 ἔνθα
609 734 670 800 δ’
723 734 823 802 ἐπ’
874 736 1153 822 ἠπείρου
1197 739 1407 820 βῆμεν
1450 733 1563 800 καὶ
1607 732 2029 820 ἀφυσσάμεθ’
2079 733 2293 820 ὕδωρ,

304 835 469 920 αἶψα
514 838 588 908 δὲ
635 842 908 907 δεῖπνον
954 840 1184 908 ἕλοντο
1228 847 1401 927 θοῇς
1444 842 1623 927 παρὰ
1664 838 1907 925 νηυσὶν
1950 838 2214 927 ἑταῖροι.
2255 892 2258 895 2

303 947 511 1033 αὐτὰρ
559 946 698 1014 ἐπεὶ
745 950 955 1013 σίτοιό
998 944 1058 1012 τ’
1113 944 1519 1032 ἐπασσάμεθ’
1570 942 1689 1031 ἠδὲ
1732 955 2041 1030 ποτῆτος,

305 1055 388 1138 δὴ
432 1051 569 1119 τότ’
622 1054 749 1138 ἐγὼ
795 1052 1051 1139 κήρυκά
1092 1049 1151 1119 τ’
1205 1053 1663 1136 ὀπασσάμενος
1705 1051 1817 1118 καὶ
1863 1050 2126 1138 ἑταῖρον

302 1163 432 1244 βῆν
476 1163 571 1238 εἰς
614 1162 871 1226 Αἰόλου
915 1162 1121 1225 κλυτὰ
1166 1160 1460 1243 δώματα·
1504 1160 1624 1224 τὺν
1669 1155 1743 1224 δὲ
1787 1161 2062 1243 κίχανον
2251 1176 2320 1226 00

305 1267 708 1351 δαινύμενον
751 1267 928 1352 παρὰ
973 1256 1016 1351 ᾗ
1059 1263 1117 1332 τ’
1169 1265 1386 1353 ἀλόχῳ
1430 1262 1541 1331 καὶ
1588 1257 1723 1330 οἶσι
1766 1263 2080 1330 τέκεσσιν.

305 1372 616 1449 ἐλθόντες
660 1369 722 1437 δ’
775 1371 842 1449 ἐς
886 1373 1074 1456 δῶμα
1117 1372 1294 1456 παρὰ
1340 1377 1739 1456 σταθμοῖσιν
1783 1369 1883 1437 ἐπ’
1935 1371 2145 1436 οὐδοῦ

305 1476 595 1562 ἑζόμεθ’·
641 1479 712 1544 οἱ
753 1476 814 1543 δ’
869 1478 995 1542 ἀνὰ
1039 1479 1265 1563 θυμὸν
1311 1476 1644 1561 ἐθάμβεον
1689 1480 1762 1543 ἔκ
1803 1475 1864 1543 τ’
1916 1476 2206 1563 ἐρέοντο·

307 1594 465 1666 ,πῶς
508 1578 745 1667 ἦλθες,
785 1581 1087 1660 Ὀδυσεῦ;
1133 1585 1235 1659 τίς
1277 1605 1383 1647 τοι
1424 1584 1623 1660 κακὸς
1667 1585 1857 1669 ἔχραε
1904 1584 2185 1668 δαίμων;

303 1683 345 1772 ἦ
391 1687 514 1772 μέν
559 1686 630 1754 σ’
683 1688 1007 1766 ἐνδυκέως
1053 1687 1544 1774 ἀπεπέμπομεν,
1590 1686 1744 1775 ὄφρ’
1798 1689 2065 1774 ἀφίκοιο
2253 1707 2320 1756 65

304 1795 588 1880 πατρίδα
634 1796 761 1879 σὴν
804 1793 915 1861 καὶ
960 1798 1147 1880 δῶμα
1199 1793 1311 1860 καὶ
1358 1801 1425 1859 εἰ
1461 1796 1592 1860 πού
1634 1818 1742 1861 τοι
1786 1797 1990 1880 φίλον
2033 1794 2254 1861 ἐστίνὲ

394 1894 483 1978 ὧς
528 1901 782 1986 φάσαν,
828 1901 1038 1989 αὐτὰρ
1086 1901 1212 1985 ἐγὼ
1260 1901 1678 1986 μετεφώνεον
1725 1900 2089 1987 ἀχνύμενος
2133 1910 2285 1989 κῆρ·

308 2008 544 2091 ,ἄασάν
588 2006 655 2093 μ’
706 2008 936 2094 ἕταροί
971 2031 1042 2073 τε
1085 2007 1276 2074 κακοὶ
1320 2009 1486 2095 πρὸς
1526 2012 1708 2074 τοῖσί
1744 2032 1815 2074 τε
1858 2009 2068 2086 ὕπνος

307 2112 616 2198 σχέτλιος.
691 2112 835 2179 ἀλλ’
879 2112 1239 2199 ἀκέσασθε,
1277 2118 1492 2200 φίλοι·
1539 2114 1819 2198 δύναμις
1852 2116 1979 2200 γὰρ
2018 2115 2091 2180 ἐν
2120 2116 2322 2201 ὑμῖνέ

395 2215 483 2297 ὦς
528 2220 791 2305 ἐφάμην
835 2224 1187 2304 μαλακοῖσι
1231 2222 1736 2304 καθαπτόμενος
1781 2219 2109 2306 ἐπέεσσιν,
2254 2239 2324 2289 ’10

307 2327 378 2392 οἰ
418 2324 479 2392 δ’
533 2328 703 2414 ἄνεῳ
750 2324 1087 2408 ἐγένοντο·
1132 2326 1347 2412 πατὴρ
1394 2324 1454 2392 δ’
1506 2326 1809 2410 ἠμείβετο
1856 2328 2080 2416 μύθω·

308 2426 467 2518 ,ἔρρ’
519 2432 591 2498 ἐκ
634 2431 849 2516 νήσου
893 2437 1186 2515 θᾶσσον,
1234 2430 1560 2516 ἐλέγχιστε
1608 2434 1933 2511 ζωόντων·

307 2538 390 2603 οὐ
434 2539 560 2624 γάρ
608 2562 721 2622 μοι
764 2536 961 2622 θέμις
1005 2534 1142 2603 ἐστὶ
1186 2535 1530 2622 κομιζέμεν
1576 2535 1723 2604 οὐδ’
1776 2537 2182 2624 ἀποπέμπειν

307 2645 518 2730 ἄνδρα
562 2646 711 2727 τόν,
758 2643 831 2720 ὅς
875 2666 948 2709 κε
992 2649 1255 2708 θεοῖσιν
1301 2641 1666 2727 ἀπέχθηται
1709 2646 2137 2731 μακάρεσσιν·
2188 2672 2194 2680 ·

306 2753 485 2836 ἔρρε,
532 2749 672 2816 ἐπεὶ
718 2752 846 2837 ἄρα
889 2755 1155 2815 θεοῖσιν
1201 2748 1653 2834 ἀπεχθόμενος
1695 2748 1838 2816 τόδ’
1895 2751 2179 2828 ῑκάνειςὲ
2254 2767 2322 2817 ’15

306 2850 395 2933 ὧς
439 2857 642 2922 εἰπὼν
687 2856 1017 2941 ἀπέπεμπε
1064 2857 1289 2940 δόμων
1331 2854 1538 2942 βαρέα
1582 2857 1996 2941 στενάχοντα.

393 2964 594 3028 ἔνθεν
640 2959 714 3029 δὲ
757 2961 1054 3049 προτέρω
1099 2960 1384 3046 πλέομεν
1428 2962 1826 3048 ἀκαχήμενοι
1867 2958 2048 3050 ἦτορ.

302 3072 554 3155 τείρετο
602 3066 663 3134 δ’
717 3068 985 3157 ἀνδρῶν
1028 3069 1247 3153 θυμὸς
1291 3066 1404 3134 ὑπ’
1455 3071 1739 3155 εἰρεσίης
1783 3069 2122 3153 ἀλεγεινῆς

302 3174 582 3261 ἡμετέρῃ
627 3177 854 3260 ματίῃ,
902 3171 1042 3240 ἐπεὶ
1087 3172 1308 3240 οὐκέτι
1355 3177 1628 3259 φαίνετο
1672 3174 1917 3260 πομπή.

304 3281 547 3369 ἑξῆμαρ
594 3277 717 3366 μὲν
765 3280 941 3366 ὁμῶς
985 3278 1272 3365 πλέομεν
1315 3281 1558 3357 νύκτας
1600 3303 1672 3346 τε
1716 3279 1826 3346 καὶ
1870 3276 2076 3368 ἦμαρ,
2255 3298 2329 3348 80

305 3385 633 3472 ἑβδομάτῃ
680 3383 742 3452 δ’
797 3387 1123 3472 ἱκόμεσθα
1165 3387 1407 3471 Λάμου
1452 3388 1613 3451 αἰπὺ
1656 3390 2087 3474 πτολίεθρον,

313 3492 701 3578 Τηλέπυλον
745 3495 1314 3580 Λαιστρυγονίην,
1361 3493 1479 3559 ὅθι
1524 3491 1806 3577 ποιμένα
1848 3494 2096 3578 ποιμὴν
