2646 3932
1021 176 1440 228 ΟΔΤΣΣΕΙΔΣ
1474 177 1518 231 Ι.
2232 177 2272 240 9

259 317 324 381 εἰ
362 318 522 400 μετὰ
569 310 670 394 οἶς
713 315 1004 404 ἑτάροισι
1052 318 1226 403 δάμη
1282 320 1532 406 Τρώων
1576 316 1677 384 ένὶ
1723 320 1909 407 δήμῳ

182 414 187 419 ’
260 418 335 505 ἠὲ
382 425 601 507 φίλων
647 421 720 488 ἐν
765 427 1022 511 χερσίν,
1069 422 1209 490 ἐπεὶ
1254 427 1543 509 πόλεμον
1578 425 2015 492 τολύπευσεν·

257 536 351 617 τῷ
394 527 510 594 κέν
556 529 627 594 οἱ
665 530 922 614 τύμβον
967 526 1090 614 μὲν
1135 530 1456 614 ἐποίησαν
1501 533 1906 615 Παναχαιοί,

257 633 382 717 ἠδέ
420 657 493 699 κε
538 632 649 699 καὶ
694 626 746 723 ᾧ
793 634 982 702 παιδὶ
1026 635 1192 720 μέγα
1235 635 1426 713 κλέος
1469 633 1655 722 ἤρατ’
1709 636 1978 701 ὀπίσσω.
2175 651 2281 700 240

258 749 387 805 4νῦν
434 739 512 806 δέ
552 765 668 825 μιν
705 740 978 818 ἀκλειῶς
1023 741 1299 827 ἅρπυιαι
1345 741 1820 827 ἀνηρείψαντο·

260 843 456 929 οἴχετ’
508 847 733 923 ἄιστος
777 848 1098 930 ἄπυστος,
1146 845 1290 932 ἐμοὶ
1337 845 1399 912 δ’
1453 847 1699 924 ὀδύνας
1742 870 1812 912 τε
1856 848 2060 930 γόους
2102 868 2173 910 τε

259 953 591 1017 κάλλιπεν.
638 950 805 1016 οὐδέ
844 975 910 1017 τι
951 963 1178 1018 κεῖνον
1223 952 1629 1039 ὀδυρόμενος
1673 954 2023 1036 στεναχίζω

260 1052 436 1140 οἷον,
484 1057 632 1123 έπεί
667 1057 754 1122 νύ
798 1080 913 1141 μοι
958 1059 1124 1123 ἄλλα
1167 1056 1319 1123 θεοὶ
1364 1058 1531 1123 κακὰ
1575 1054 1755 1142 κήδε’
1807 1057 2094 1137 ἔτευξαν.

260 1162 450 1227 ὅσσοι
493 1163 621 1249 γὰρ
666 1166 975 1247 νήσοισιν
1019 1162 1522 1250 ἐπικρατέουσιν
1566 1164 1855 1248 ἄριστοι,
2176 1179 2280 1227 245

257 1270 596 1356 Δουλιχίῳ
640 1291 711 1334 τε
756 1269 952 1355 Σάμῃ
996 1292 1067 1335 τε
1112 1268 1222 1334 καὶ
1265 1269 1535 1353 ὑλήεντι
1582 1268 1943 1355 Ζακύνθῳ,

257 1370 364 1455 ἠδ’
417 1372 607 1439 ὅσσοι
650 1375 947 1459 κραναὴν
980 1365 1255 1459 Ἰθάκην
1299 1374 1464 1440 κάτα
1509 1372 2005 1460 κοιρανέουσιν,

258 1480 489 1545 τόσσοι
532 1477 755 1566 μητέρ’
808 1477 972 1564 ἐμὴν
1018 1491 1342 1563 μνῶνται,
1387 1480 1707 1566 τρύχουσι
1752 1475 1827 1545 δὲ
1873 1474 2077 1544 οἷκον.

256 1585 299 1668 ἡ
347 1583 410 1650 δ’
464 1582 604 1651 οὔτ’
658 1584 952 1671 ἀρνεῖται
997 1587 1319 1671 στυγερὸν
1364 1586 1581 1670 γάμον
1626 1585 1778 1650 οὔτε
1822 1586 2136 1669 τελευτὴν

257 1687 529 1775 ποιῆσαι
579 1692 883 1757 δύναται·
930 1689 1035 1758 τοὶ
1083 1688 1156 1758 δὲ
1203 1693 1673 1776 φθινύθουσιν
1718 1692 1980 1768 ἔδοντες
2179 1708 2281 1758 250

260 1792 448 1863 οἷκον
493 1797 681 1882 έμόν·
725 1798 890 1882 τάχα
936 1799 1020 1881 δή
1066 1821 1145 1881 με
1192 1799 1659 1882 διαρραίσουσι
1702 1795 1813 1863 καὶ
1858 1797 2128 1863 αὐτόν.“

346 1904 466 1970 τὸν
511 1901 573 1970 δ’
628 1903 1130 1996 ἐπαλαστήσασα
1175 1904 1525 1989 προσηύδα
1574 1904 1844 1981 Παλλὰς
1883 1901 2163 1989 Ἀθήνη·

258 2009 357 2092 ,,ὢ
401 2013 633 2094 πόποι,
677 2005 718 2093 ἦ
766 2011 849 2094 δὴ
895 2012 1148 2076 πολλὸν
1191 2008 1636 2096 ἀποιχομένου
1674 2008 1992 2093 Ὀδυσῆος

264 2117 456 2202 δεύῃ,
503 2116 540 2182 ὅ
582 2139 658 2182 κε
702 2124 1113 2202 μνηστῆρσιν
1158 2114 1460 2181 ἀναιδέσι
1503 2125 1726 2201 χεῖρας
1770 2114 1977 2200 έφείη.

258 2222 323 2286 εἰ
361 2223 486 2308 γὰρ
533 2231 662 2288 νῦν
708 2222 929 2288 ἐλθὼν
974 2223 1188 2307 δόμου
1233 2220 1308 2288 έν
1351 2222 1649 2309 πρώτῃσι
1691 2222 1988 2307 θύρῃσιν
2178 2239 2281 2290 265

260 2330 449 2411 σταίη
496 2330 664 2412 ἔχων
708 2330 968 2412 πήληκα
1011 2324 1125 2391 καὶ
1169 2326 1416 2392 ἀσπίδα
1459 2325 1571 2393 καὶ
1617 2327 1742 2393 δύο
1789 2328 2022 2413 δοῦρε,

257 2444 437 2510 τοῖος
482 2432 641 2517 ἐών,
688 2425 835 2498 οἷόν
879 2456 996 2517 μιν
1041 2430 1168 2516 ἐγὼ
1214 2433 1296 2497 τὰ
1339 2444 1566 2516 πρῶτα
1610 2434 1822 2517 νόησα

260 2544 419 2626 οἴκῳ
468 2537 541 2604 ἐν
585 2537 875 2626 ἡμετέρῳ
921 2538 1201 2603 πίνοντά
1245 2560 1314 2603 τε
1360 2540 1764 2623 τερπόμενόν
1807 2562 1909 2622 τε,

259 2644 326 2725 ἐξ
364 2643 654 2729 Ἐφύρης
698 2643 970 2709 ἀνιόντα
1013 2641 1168 2730 παρ’
1204 2641 1406 2709 Ἴλου
1449 2645 1907 2728 Μερμερίδαο·

260 2749 464 2838 ᾤχετο
509 2750 637 2834 γὰρ
681 2747 792 2814 καὶ
836 2760 1012 2815 κεῖσε
1055 2754 1228 2833 θοῆς
1272 2747 1379 2814 ἐπὶ
1422 2749 1584 2833 νηὸς
1623 2747 1978 2826 Ὀδυσσεὺς
2177 2765 2281 2816 260

258 2856 611 2941 φάρμακον
656 2853 1083 2940 ἀνδροφόνον
1129 2856 1503 2937 διζήμενος,
1550 2854 1728 2938 ὄφρα
1774 2854 1845 2919 oc
1885 2860 1984 2939 εἴη

259 2963 405 3038 ἰοὺς
448 2964 756 3047 χρίεσθαι
799 2962 1187 3045 χαλκήρεας·
1232 2955 1376 3023 ἀλλ’
1430 2957 1467 3023 ὁ
1512 2953 1634 3042 μὲν
1679 2959 1762 3024 οὔ
1809 2958 1880 3023 οἱ

259 3067 502 3150 δῶκεν,
549 3067 696 3133 έπεί
735 3065 819 3151 ῥα
862 3068 1070 3142 θεοὺς
1111 3069 1481 3149 νεμεσίζετο
1527 3060 1672 3130 αἰὲν
1719 3063 1975 3149 ἐόντας,

258 3171 425 3238 ἀλλὰ
469 3176 682 3258 πατήρ
730 3172 802 3238 οἱ
841 3174 1053 3238 δῶκεν
1100 3170 1280 3255 ἐμός·
1327 3169 1628 3255 φιλέεσκε
1673 3172 1800 3257 γὰρ
1848 3174 2076 3248 αἰνῶς·

255 3290 436 3356 τοῖος
481 3277 610 3344 ἐὼν
654 3286 1063 3364 μνηστῆρσιν
1109 3277 1485 3361 ὁμιλήσειεν
1524 3273 1904 3354 Ὀδυσσεύς·
2173 3291 2278 3342 265

255 3386 495 3462 πάντες
536 3381 598 3449 κ’
652 3384 994 3469 ὠκύμοροί
1029 3406 1098 3448 τε
1144 3385 1448 3466 γενοίατο
1492 3384 1896 3466 πικρόγαμοί
1931 3404 2020 3446 τε.

257 3487 400 3557 ἀλλ’
452 3485 493 3573 ἦ
539 3513 645 3555 τοι
687 3485 809 3574 μὲν
854 3497 1059 3554 ταῦτα
1101 3494 1285 3555 θεῶν
1330 3488 1405 3553 έν
1447 3488 1730 3571 γούνασι
1773 3498 2009 3569 κεῖται,
