2646 3932
365 197 447 261 17
452 197 494 261 2
1099 199 1516 251 οΔΤΣΣΕῙΑΣ
1551 199 1621 254 Δ.

359 342 632 426 αἵματος
676 337 887 407 ἆσσον
933 348 1111 426 ἴμεν,
1156 339 1316 428 πρὶν
1370 343 1710 427 Τειρεσίαο
1755 339 2116 407 πυθέσθαι.

445 441 615 529 ἦλθε
661 441 724 511 δ’
775 444 883 512 ἐπὶ
925 448 1103 532 ψυχὴ
1153 448 1454 531 Θηβαίου
1506 448 1847 532 Τειρεσίαο
2308 463 2380 512 90

357 552 644 638 χρύσεον
688 562 1024 639 σκῆπτρον
1070 556 1270 638 ἔχων,
1315 547 1428 635 ἐμὲ
1474 546 1537 616 δ’
1588 554 1758 634 ἔγνω
1803 550 1916 617 καὶ
1959 549 2381 638 προσέειπεν·

359 706 379 741 ,
396 654 720 741 [διογενὲς
764 658 1173 742 Λαερτιάδη,
1218 651 1631 742 πολυμήχαν’
1677 654 1999 722 Ὀδυσσεῦ
2009 659 2065 740 ,]

358 758 529 828 τίπτ’
582 757 754 847 αὖτ’,
800 758 853 828 ὦ
900 764 1216 846 δύστηνε,
1262 764 1475 828 λιπὼν
1521 762 1693 848 φάος
1735 762 1985 846 ἠελίοιο

358 870 639 952 ἤλυθες,
685 870 864 954 ὄφρα
909 869 1021 955 ἴδῃ
1065 866 1305 944 νέκυας
1349 865 1460 933 καὶ
1506 865 1786 953 ἀτερπέα
1829 879 2075 954 χῶρον;

360 968 503 1039 ἀλλ’
555 973 872 1058 ἀποχάζεο
920 976 1213 1059 βόθρου,
1260 974 1493 1057 ἄπισχε
1539 970 1614 1038 δὲ
1658 974 2009 1058 φάσγανον
2054 972 2201 1058 ὀξύ,
2310 993 2380 1041 95

360 1079 635 1163 αἵματος
680 1080 858 1165 ὄφρα
901 1083 1032 1145 πίω
1074 1080 1193 1144 καί
1228 1101 1335 1144 τοι
1379 1076 1704 1164 νημερτέα
1748 1080 1953 1144 εἴπωὲ

449 1179 538 1262 ὧς
583 1180 765 1270 φάτ’,
811 1183 939 1268 ἐγὼ
987 1178 1049 1250 δ’
1101 1184 1641 1269 ἀναχασσάμενος
1687 1184 1878 1270 ξίφος
1922 1184 2342 1272 ἀργυρόηλον

359 1295 612 1379 κουλεῷ
659 1285 1058 1374 ἐγκατέπηξ’.
1150 1289 1188 1355 ὁ
1236 1284 1298 1355 δ’
1349 1287 1490 1355 ἐπεὶ
1534 1292 1685 1355 πίεν
1730 1282 1891 1374 αἷμα
1933 1296 2272 1377 κελαινόν,

359 1394 471 1461 καὶ
513 1399 661 1463 τότε
708 1396 792 1479 δή
838 1389 904 1478 μ’
956 1392 1215 1459 ἐπέεσσι
1258 1395 1608 1480 προσηύδα
1655 1395 1886 1479 μάντις
1930 1395 2236 1482 ἀμύμων·

362 1505 636 1585 ,νόστον
682 1503 897 1584 δίζηαι
941 1498 1282 1585 μελιηδέα,
1330 1495 1590 1585 φαίδιμ’
1635 1494 1981 1566 Ὀδυσσεῦ·
2277 1521 2383 1570 100

361 1609 480 1673 τὸν
526 1606 607 1673 δέ
643 1629 748 1672 τοι
794 1604 1123 1691 ἀργαλέον
1165 1608 1367 1689 θήσει
1410 1609 1598 1684 θεός·
1661 1606 1744 1672 οὐ
1788 1609 1914 1693 γάρ
1961 1608 2079 1674 ὀίω

362 1716 592 1797 λήσειν
636 1713 1088 1796 ἐννοσίγαιον,
1136 1711 1173 1777 ὅ
1217 1735 1322 1777 τοι
1367 1714 1568 1778 κότον
1613 1716 1848 1779 ἔνθετο
1891 1719 2089 1803 θυμῷ

361 1822 723 1904 χωόμενος,
770 1817 873 1883 ὅτι
919 1819 991 1883 οἰ
1028 1818 1182 1882 υἱὸν
1227 1821 1432 1903 φίλον
1476 1817 1865 1897 ἐξαλάωσας.

363 1919 508 1991 ἀλλ’
559 1927 655 1991 ἔτι
700 1923 823 2010 μέν
866 1949 940 1991 κε
983 1922 1097 1991 καὶ
1141 1918 1230 2003 ὥς
1271 1924 1442 1991 κακά
1486 1946 1609 2012 περ
1654 1926 2017 2011 πάσχοντες
2062 1926 2353 2011 ἵκοισθε,

363 2037 441 2095 αι’
475 2025 537 2096 κ’
588 2030 824 2117 ἐθέλῃς
868 2032 991 2097 σὸν
1034 2034 1263 2115 θυμὸν
1308 2030 1687 2117 ἐρυκακέειν
1730 2030 1842 2097 καὶ
1886 2030 2193 2119 ἑταίρων,
2278 2051 2384 2100 106

365 2136 607 2203 ὁππότε
651 2161 726 2204 κε
769 2149 1035 2222 πρῶτον
1078 2137 1366 2222 πελάσῃς
1412 2137 1684 2223 ἐυεργέα
1726 2147 1857 2222 νῆα

367 2245 686 2328 Θρινακίῃ
731 2246 915 2332 νήσω
966 2242 1339 2329 προφυγὼν
1386 2242 1632 2309 ἰοειδέα
1672 2246 1951 2328 πόντον,

366 2346 777 2432 βοσκομένας
822 2343 886 2412 δ’
936 2347 1169 2433 εὕρητε
1214 2349 1376 2431 βόας
1418 2346 1532 2413 καὶ
1577 2354 1727 2433 ἴφια
1772 2355 1944 2433 μῆλα

359 2447 654 2536 Ἠελίου,
700 2451 775 2530 ὃς
817 2447 1011 2517 πάντ’
1063 2452 1277 2540 ἐφορᾷ
1320 2451 1434 2518 καὶ
1478 2448 1671 2518 πάντ’
1723 2453 2048 2520 ἐπακούει.

364 2560 480 2636 τὰς
523 2560 589 2624 εί
628 2556 751 2643 μέν
793 2553 855 2623 κ’
906 2557 1173 2636 ἀσινέας
1218 2558 1374 2646 ἐάᾳς
1415 2560 1663 2624 νόστου
1705 2581 1776 2624 τε
1823 2557 2089 2644 μέδηαι,
2280 2578 2384 2628 110

364 2667 483 2728 καί
518 2686 636 2728 κεν
680 2658 770 2729 ἔτ’
821 2665 916 2740 εἰς
955 2658 1222 2748 Ἰθάκην
1265 2665 1433 2730 κακά
1476 2684 1599 2749 περ
1645 2664 2005 2748 πάσχοντες
2048 2666 2309 2731 ἵκοισθε
2322 2687 2338 2704 ·

365 2771 430 2835 εί
471 2768 551 2835 δέ
589 2792 664 2835 κε
710 2772 965 2854 σίνηαι,
1008 2773 1158 2836 τότε
1201 2793 1307 2836 τοι
1351 2765 1731 2856 τεκμαίρομ’
1783 2772 2100 2857 ὄλεθρον,

365 2878 486 2960 νηί
519 2897 591 2941 τε
635 2872 746 2940 καὶ
792 2873 1064 2961 ἑτάροις.
1156 2875 1354 2952 αὐτὸς
1400 2871 1465 2941 δ’
1516 2882 1586 2941 εἴ
1620 2874 1743 2961 πέρ
1789 2900 1906 2942 κεν
1951 2875 2220 2962 ἀλύξῃς,

367 2979 489 3061 ὀψὲ
532 2993 749 3058 κακῶς
790 2991 993 3065 νεῖαι,
1041 2979 1275 3058 ὀλέσας
1319 2982 1449 3047 ἄπο
1494 2982 1743 3059 πάντας
1788 2981 2115 3069 ἑταίρους,

365 3089 526 3171 νηὸς
572 3081 672 3152 ἐπ’
723 3084 1097 3171 ἀλλοτρίης·
1144 3087 1323 3170 δήεις
1371 3081 1434 3151 δ’
1484 3084 1559 3151 ἐν
1601 3088 1865 3171 πήματα
1909 3093 2098 3177 οίκω,
2281 3105 2387 3155 115

367 3193 617 3279 ἄνδρας
658 3191 1142 3279 ὑπερφιάλους,
1189 3193 1261 3257 οἳ
1296 3214 1403 3258 τοι
1447 3194 1676 3275 βίοτον
1717 3191 2111 3259 κατέδουσιν

367 3299 700 3383 μνώμενοι
745 3296 1065 3382 ἀντιθέην
1109 3300 1356 3382 ἄλοχον
1398 3295 1510 3364 καὶ
1555 3296 1716 3363 ἕδνα
1763 3299 2076 3377 διδόντες.

369 3398 512 3469 ἀλλ’
563 3399 605 3487 ἦ
649 3427 755 3469 τοι
797 3407 1039 3469 κείνων
1079 3427 1157 3487 γε
1202 3407 1354 3488 βίας
1399 3402 1739 3468 ἀποτίσεαι
1784 3403 2032 3470 ἐλθών·

370 3509 579 3596 αὐτὰρ
625 3509 791 3594 ἐπὴν
836 3518 1215 3595 μνηστῆρας
1260 3507 1363 3574 ἐνὶ
1408 3509 1752 3594 μεγάροισι
1796 3519 2045 3575 τεοῖσιν
