2646 3932
353 148 480 213 136
1112 150 1528 202 oArzzmAz
1562 152 1607 205 1.

349 290 422 357 έν
466 286 588 376 μὲν
631 292 759 377 γὰρ
806 297 1118 376 λειμῶνες
1163 291 1320 369 ἁλὸς
1364 296 1624 358 πολιοῖο
1670 287 1825 379 παρ’
1877 294 2085 378 ὄχθας

347 394 628 483 ὑδρηλοὶ
673 400 981 482 μαλακοί·
1028 399 1202 482 μάλα
1245 392 1307 463 κ’
1360 399 1639 483 ἄφθιτοι
1685 399 1963 483 ἄμπελοι
2006 392 2158 463 εἷεν.

349 501 422 568 ἐν
467 497 530 568 δ’
583 503 812 587 ἄροσις
855 506 1025 588 λείη·
1071 505 1245 588 μάλα
1289 527 1407 569 κεν
1452 506 1633 587 βαθὺ
1678 506 1871 588 λήιον
1915 501 2045 569 αἰεὶ

349 610 443 684 εἰς
488 608 664 694 ὥρας
710 607 960 697 ἀμῷεν,
1007 608 1147 675 ἐπεὶ
1191 610 1367 695 μάλα
1410 619 1570 694 πῖαρ
1614 604 1728 675 ὑπ’
1780 604 2002 686 οὖδας.
2265 624 2365 674 135

351 712 424 779 ἐν
471 709 545 779 δὲ
592 715 793 798 λιμὴν
840 714 1150 800 ἐύορμος,
1197 712 1286 780 ἵν’
1339 714 1424 781 οὐ
1467 716 1637 800 χρεὼ
1682 716 2037 800 πείσματός
2082 713 2293 797 ἐστιν,

350 813 490 884 οὔτ’
541 819 740 898 εὐνὰς
783 818 1045 904 βαλέειν
1091 822 1244 887 οὔτε
1288 815 1646 907 πρυμνήσι’
1698 819 1975 904 ἀνάψαι,

351 920 493 991 ἀλλ’
545 924 1009 1004 ἐπικέλσαντας
1052 938 1272 1012 μεῖναι
1316 930 1593 1012 χρόνον,
1640 929 1735 1004 εἰς
1780 926 1817 991 ὅ
1860 950 1935 992 κε
1978 925 2276 993 ναυτέων

348 1033 567 1116 θυμὸς
609 1031 940 1118 ἐποτρύνῃ
985 1029 1096 1098 καὶ
1141 1032 1627 1098 ἐπιπνεύσωσιν
1671 1032 1881 1116 ἀῆται.

350 1138 558 1225 αὐτὰρ
603 1136 711 1204 ἐπὶ
754 1140 993 1224 κρατὸς
1036 1136 1301 1223 λιμένος
1348 1136 1482 1225 ῥέει
1527 1138 1777 1221 ἀγλαὸν
1820 1138 2035 1224 ὕδωρ,
2265 1156 2366 1205 140

349 1246 559 1328 κρήνη
603 1244 735 1310 ὑπὸ
781 1247 1076 1321 σπείους·
1123 1241 1275 1330 περὶ
1323 1240 1385 1309 δ’
1437 1250 1718 1330 αἴγειροι
1763 1245 2114 1329 πεφύασιν.

350 1352 518 1415 ἔνθα
560 1349 1028 1434 κατεπλέομεν,
1072 1352 1191 1415 καί
1227 1373 1328 1426 τις
1371 1350 1534 1427 θεὸς
1575 1349 1977 1435 ἡγεμόνευεν

349 1456 555 1521 νύκτα
601 1450 689 1521 δι’
741 1455 1103 1541 ὀρφναίην,
1151 1452 1309 1521 οὐδὲ
1353 1451 1785 1541 προυφαίνετ’
1838 1455 2129 1523 ἰδέσθαι·

351 1560 478 1647 ἀὴρ
523 1562 650 1646 γὰρ
695 1560 846 1646 περὶ
889 1559 1089 1646 νηυσὶ
1134 1555 1357 1645 βαθεῖ’
1405 1556 1521 1645 ἦν,
1568 1558 1728 1628 οὐδὲ
1773 1565 2016 1648 σελήνη

351 1666 729 1751 οὐρανόθεν
771 1668 1178 1753 προύφαινε,
1223 1669 1554 1751 κατείχετο
1602 1663 1677 1733 δὲ
1719 1666 2087 1753 νεφέεσσιν.
2265 1686 2367 1735 145

350 1767 495 1837 ἔνθ’
548 1773 630 1838 οὔ
673 1797 772 1850 τις
815 1774 938 1857 τὴν
983 1781 1193 1857 νῆσον
1237 1772 1590 1858 ἐσέδρακεν
1636 1773 2115 1858 ὀφθαλμοῖσιν,

351 1872 491 1944 οὔτ’
543 1873 669 1945 οὖν
711 1879 968 1964 κύματα
1014 1880 1230 1965 μακρὰ
1274 1881 1718 1964 κυλινδόμενα
1762 1878 1958 1964 προτὶ
2000 1878 2241 1968 χέρσον

350 1987 713 2070 εἰσίδομεν,
758 1985 918 2073 πρὶν
959 1996 1125 2071 νῆας
1169 1984 1571 2070 ἐυσσέλμους
1614 1984 1965 2052 ἐπικέλσαι.

349 2094 703 2178 κελσάσῃσι
750 2088 824 2158 δὲ
867 2091 1068 2177 νηυσὶ
1110 2095 1510 2177 καθείλομεν
1558 2091 1731 2157 ίστία
1775 2092 2018 2177 πάντα,

352 2198 423 2265 ἐκ
468 2195 541 2264 δὲ
584 2196 696 2264 καὶ
741 2197 931 2264 αὐτοὶ
976 2201 1185 2283 βῆμεν
1230 2197 1340 2264 ἐπὶ
1384 2198 1654 2284 ῥηγμῖνι
1695 2198 2067 2283 θαλάσσης·
2264 2217 2365 2265 150

351 2307 520 2370 ἔνθα
566 2299 628 2369 δ’
680 2303 1148 2390 ἀποβρίξαντες
1194 2303 1541 2389 ἐμείναμεν
1580 2299 1712 2369 Ἠῶ
1759 2304 1930 2369 δῖαν.

439 2406 605 2495 ἦμος
649 2405 711 2474 δ’
761 2409 1095 2496 ἠριγένεια
1139 2410 1320 2497 φάνη
1369 2410 1858 2497 ῥοδοδάκτυλος
1897 2405 2095 2494 Ἠώς,

350 2524 561 2600 νῆσον
603 2517 1056 2601 θαυμάζοντες
1100 2516 1537 2601 ἐδινεόμεσθα
1580 2510 1722 2581 κατ’
1773 2516 1999 2601 αὐτήν.

352 2618 577 2709 ὦρσαν
623 2618 697 2687 δὲ
741 2623 1029 2708 νύμφαι,
1073 2632 1313 2708 κοῦραι
1358 2623 1525 2699 Διὸς
1569 2624 1922 2707 αἰγιόχοιο,

353 2724 541 2812 αἶγας
587 2727 985 2817 ὀρεσκῴους,
1033 2729 1144 2795 ἵνα
1191 2730 1614 2813 δειπνήσειαν
1658 2727 1922 2815 ἑταῖροι.
2262 2746 2363 2795 155

354 2834 588 2899 αὐτίκα
631 2835 939 2920 καμπύλα
982 2833 1137 2912 τόξα
1180 2833 1291 2901 καὶ
1336 2832 1644 2918 αἰγανέας
1690 2835 2126 2918 δολιχαύλους

352 2934 640 3025 εἱλόμεθ’
692 2939 765 3006 ἐκ
806 2952 1019 3025 νηῶν,
1066 2942 1179 3006 διὰ
1222 2936 1297 3006 δὲ
1341 2943 1532 3027 τρίχα
1573 2939 2019 3025 κοσμηθέντες

352 3046 707 3130 βάλλομεν·
752 3041 915 3124 αἶψα
961 3042 1024 3112 δ’
1075 3048 1277 3112 ἔδωκε
1321 3048 1482 3124 θεὸς
1525 3044 1866 3132 μενοεικέα
1907 3049 2147 3132 θήρην.

350 3159 505 3236 νῆες
548 3150 670 3236 μέν
714 3175 828 3236 μοι
872 3151 1110 3218 ἕποντο
1157 3153 1488 3235 δυώδεκα,
1535 3152 1602 3230 ἐς
1646 3149 1720 3218 δὲ
1766 3151 2046 3236 ἑκάστην
2101 3228 2105 3232 ὁ

353 3256 544 3324 ἐννέα
589 3259 920 3343 λάγχανον
965 3254 1172 3343 αἶγες·
1218 3257 1366 3342 ἐμοὶ
1410 3255 1483 3324 δὲ
1530 3254 1666 3325 δέκ’
1717 3258 1939 3339 ἔξελον
1984 3263 2122 3346 οἴῳ.
2262 3275 2365 3325 160

354 3361 443 3443 ὥς
485 3367 631 3430 τότε
677 3360 799 3449 μὲν
843 3367 1106 3450 πρόπαν
1150 3359 1328 3451 ἦμαρ
1384 3364 1451 3443 ἐς
1492 3364 1717 3448 ἠέλιον
1759 3364 2133 3430 καταδύντα

356 3472 570 3555 ἥμεθα
618 3471 1009 3554 δαινύμενοι
1051 3468 1210 3556 κρέα
1254 3465 1314 3536 τ’
1366 3472 1613 3537 ἄσπετα
1653 3469 1765 3537 καὶ
1808 3469 1986 3556 μέθυ
2026 3470 2185 3555 ἡδύ·
