2646 3932
379 189 506 254 186
1122 190 1540 242 οΔΤΣΣΕΙΑΣ
1574 189 1645 242 A„

373 333 582 419 αὐτὰρ
628 328 724 399 ὅτ’
775 335 870 410 είς
914 333 1119 399 ἵππον
1161 334 1667 417 κατεβαίνομεν,
1712 330 1794 396 ὃν
1836 324 1989 415 κάμ’
2033 324 2317 411 Ἐπειός,

362 433 678 525 Ἀργείων
723 439 795 505 οἰ
833 440 1123 525 ἄριστοι,
1170 435 1315 523 ἐμοὶ
1362 432 1425 503 δ’
1475 436 1581 503 ἐπὶ
1624 438 1839 502 πάντα
1881 434 2181 517 τέταλτο,

373 541 566 629 [ἠμὲν
611 544 960 610 ἀνακλῖναι
1004 546 1288 610 πυκινὸν
1334 545 1536 629 λόχον
1579 538 1689 628 ἠδ’
1740 542 2127 624 έπιθεῖναι,]
2291 556 2410 606 525

369 645 520 715 ἔνθ’
573 652 766 717 ἄλλοι
808 656 1102 715 Δαναῶν
1146 649 1466 736 ἡγήτορες
1508 646 1628 733 ἠδὲ
1672 648 1984 735 μέδοντες

372 758 631 842 δάκρυά
674 752 733 822 τ’
785 757 1216 841 ώμόργνυπο
1270 756 1515 843 τρέμον
1572 751 1648 822 θ’
1705 755 1837 822 ὑπὸ
1881 765 2040 839 γυῖα
2084 751 2373 819 ἑκάστου
2392 773 2409 789 ·

378 873 605 928 κεῖνον
651 858 714 928 δ’
767 864 849 929 οὔ
893 884 1051 928 ποτε
1096 863 1371 948 πάμπαν
1416 862 1588 946 ἐγὼν
1633 864 1784 929 ῖδον
1828 862 2283 947 ὀφθαλμοῖσιν

371 962 515 1034 οὔτ’
567 968 957 1055 ὠχρήσαντα
1002 971 1169 1054 χρόα
1212 970 1537 1053 κάλλιμον
1580 969 1733 1033 οὔτε
1776 978 2068 1051 παρειῶν

371 1073 584 1158 δάκρυ
628 1072 1108 1160 ὀμορξάμενον·
1155 1073 1192 1140 ὁ
1239 1072 1319 1139 δέ
1358 1097 1437 1158 με
1482 1075 1657 1159 μάλα
1699 1066 1889 1138 πόλλ’
1940 1070 2226 1138 ἱκέτευεν
2291 1089 2405 1139 530

372 1179 659 1245 ἱππόθεν
705 1178 1029 1263 ἐξέμεναι,
1076 1179 1300 1263 ξίφεος
1346 1174 1413 1244 δ’
1463 1177 1802 1262 ἐπεμαίετο
1845 1177 2077 1262 κώπην

369 1281 482 1349 καὶ
529 1285 697 1370 δόρυ
741 1284 1174 1370 χαλκοβαρές,
1217 1285 1387 1350 κακὰ
1432 1281 1505 1350 δὲ
1558 1286 1855 1371 Τρώεσσι
1898 1287 2191 1368 μενοίνα.

370 1384 516 1455 ἀλλ’
568 1390 675 1456 ὅτε
723 1392 806 1475 δὴ
855 1393 1188 1476 Πριάμοιο
1234 1394 1433 1456 πόλιν
1478 1389 1913 1477 διεπέρσαμεν
1955 1393 2189 1475 αἰπήν,

369 1506 613 1581 μοῖραν
656 1496 768 1562 καὶ
814 1497 1011 1583 γέρας
1056 1496 1305 1564 ἐσθλὸν
1351 1500 1520 1582 ἔχων
1565 1496 1670 1563 ἐπὶ
1713 1499 1876 1581 νηὸς
1920 1501 2183 1582 ἔβαινεν

373 1602 705 1686 ἀσκηθής,
753 1597 894 1670 οὔτ’
946 1602 1030 1689 ἂρ
1076 1602 1482 1687 βεβλημένος
1527 1602 1661 1683 ὀξέι
1704 1608 1923 1693 χαλκῷ
2290 1621 2420 1690 535,

370 1702 510 1774 οὔτ’
564 1708 1001 1794 αὐτοσχεδίην
1047 1708 1486 1793 οὐτασμένος,
1533 1701 1643 1775 οἷά
1685 1732 1755 1776 τε
1800 1712 2013 1776 πολλὰ

368 1817 664 1897 γίγνεται
710 1814 784 1880 ἐν
828 1813 1119 1903 πολέμῳ·
1165 1813 1381 1899 ἐπιμὶξ
1429 1813 1509 1880 δέ
1546 1838 1617 1880 τε
1663 1818 1963 1900 μαίνεται
1990 1815 2234 1902 Ἀρηςέ

458 1915 548 1998 ὧς
591 1920 885 2006 ἐφάμην,
929 1921 1108 2006 ψυχὴ
1156 1917 1230 1987 δὲ
1275 1920 1613 1999 ποδώκεος
1655 1923 1983 1989 Αἰακίδαο

370 2029 569 2111 φοίτα
613 2028 831 2113 μακρά
875 2029 1120 2110 βιβᾶσα
1163 2020 1306 2091 κατ’
1358 2025 1736 2111 ἀσφοδελὸν
1780 2032 2100 2112 λειμῶνα,
2199 2051 2202 2054 ’

368 2133 749 2216 γηθοσύνη,
796 2130 836 2198 ὅ
881 2132 953 2197 οἱ
989 2132 1143 2196 υἱὸν
1188 2134 1361 2216 ἔφην
1407 2131 1813 2217 ἀριδείκετον
1858 2129 2046 2199 εἶναι.
2290 2152 2399 2202 540

458 2238 533 2302 αἱ
573 2232 636 2302 δ’
687 2239 881 2302 άλλαι
924 2234 1132 2321 ψυχαὶ
1175 2238 1433 2303 νεκύων
1476 2238 2038 2322 κατατεθνηώτων

373 2343 660 2410 ἕστασαν
706 2342 1099 2428 ἀχνύμεναι,
1145 2349 1405 2428 εἴροντο
1454 2341 1528 2409 δὲ
1572 2339 1756 2427 κήδε’
1806 2342 2063 2428 ἑκάστη.

373 2456 481 2534 οἴη
530 2444 592 2514 δ’
644 2454 934 2526 Αἴαντος
977 2448 1155 2533 ψυχὴ
1212 2451 1722 2534 Τελαμωνιάδαο

370 2557 621 2640 νόσφιν
668 2555 1056 2639 ἀφεστήκει,
1101 2555 1518 2640 κεχολωμένη
1564 2557 1784 2622 εἵνεκα
1827 2558 2046 2640 νίκης,

368 2659 490 2744 τήν
534 2684 649 2744 μιν
697 2659 823 2742 ἐγὼ
868 2664 1109 2744 νίκησα
1154 2662 1578 2747 δικαζόμενος
1620 2663 1798 2747 παρὰ
1840 2660 2085 2745 νηυσὶν
2290 2679 2398 2729 545

367 2766 668 2850 τεύχεσιν
714 2759 878 2849 ἀμφ’
924 2760 1245 2850 Ἀχιλῆος·
1290 2768 1491 2850 ἔθηκε
1540 2763 1613 2832 δὲ
1657 2769 1894 2833 πότνια
1938 2766 2170 2853 μήτηρ.

371 2873 628 2954 [παῖδες
675 2867 748 2936 δὲ
802 2872 1051 2956 Τρώων
1098 2873 1379 2937 δίκασαν
1423 2870 1534 2936 καὶ
1582 2875 1853 2951 Παλλὰς
1890 2868 2184 2958 Ἀθήνη]

369 2979 458 3055 ὡς
503 2978 587 3061 δὴ
634 2978 723 3061 μὴ
770 2978 1019 3061 ὄφελον
1061 2986 1259 3042 νικᾶν
1301 2973 1530 3065 τοιῷδ’
1583 2973 1683 3043 ἐπ’
1734 2978 1986 3068 ἀέθλῳ·

368 3086 559 3167 τοίην
605 3083 732 3165 γὰρ
778 3083 1077 3166 κεφαλὴν
1121 3078 1290 3148 ἕνεκ’
1343 3083 1565 3149 αὐτῶν
1610 3094 1767 3166 γαῖα
1809 3084 2153 3169 κατέσχεν,

370 3182 649 3271 Αἴανθ’,
697 3186 770 3263 ὃς
814 3185 965 3273 πέρι
1012 3184 1134 3271 μὲν
1179 3183 1388 3271 εἶδος,
1433 3186 1584 3273 πέρι
1630 3184 1693 3253 δ’
1743 3192 1904 3273 ἔργα
1946 3189 2216 3256 τέτυκτο
2291 3206 2399 3256 550

367 3306 503 3358 τῶν
547 3295 767 3359 ἄλλων
813 3299 1107 3359 Δαναῶν
1151 3288 1290 3378 μετ’
1343 3292 1650 3378 ἀμύμονα
1698 3296 2071 3377 Πηλεΐωνα.

368 3400 486 3465 τὸν
530 3395 652 3483 μὲν
698 3398 869 3482 ἐγὼν
915 3397 1174 3466 ἐπέεσσι
1219 3400 1623 3485 προσηύδων
1666 3403 2115 3484 μειλιχίοισιν·

370 3500 599 3587 ,Αἷαν,
645 3515 771 3570 παῖ
819 3508 1209 3589 Τελαμῶνος
1255 3504 1624 3590 ἀμύμονος,
1672 3505 1795 3570 οὐκ
1840 3500 1945 3592 ἄρ’
1996 3509 2259 3591 ἔμελλες
