2646 3932
394 207 522 273 148
1145 210 1560 264 οΔΤΣΣΕΙΑΣ
1596 210 1641 262 1.

385 351 736 435 ,Κύκλωψ,
783 358 862 418 αι’
897 350 1015 418 κέν
1057 355 1158 430 τίς
1203 367 1276 418 σε
1321 357 1759 435 καταθνητῶν
1804 348 2184 435 ἀνθρώπων

384 455 748 541 ὀφθαλμοῦ
794 464 1048 544 εἴρηται
1092 457 1424 542 ἀεικελίην
1469 457 1807 539 ἀλαωτύν,

384 562 652 645 φάσθαι
690 556 1017 647 Ὀδυσσῆα
1059 564 1546 649 πτολιπόρθιον
1591 561 1986 644 ἐξαλαῶσαι,

389 668 542 733 υἱὸν
584 667 926 755 Λαέρτεω,
966 664 1193 756 Ἰθάκῃ
1238 672 1342 735 ἔνι
1385 663 1544 734 οἰκί’
1593 668 1868 753 ἔχονταὲ
2307 681 2412 731 505

478 768 568 851 ὧς
612 773 906 860 ἐφάμην,
952 775 990 841 ὁ
1037 773 1117 841 δέ
1156 770 1224 860 μ’
1277 775 1561 859 οἰμώξας
1605 775 1909 859 ἠμείβετο
1956 773 2182 859 μύθῳ·

386 879 465 961 ,ὦ
509 882 743 964 πόποι,
787 876 830 964 ἦ
876 882 1050 966 μάλα
1097 882 1181 965 δή
1226 904 1307 965 με
1354 884 1735 965 παλαίφατα
1777 873 2076 963 θέσφαθ’
2130 877 2356 943 ἱκάνει.

384 986 537 1050 ἔσκε
580 1009 682 1063 τις
727 985 973 1052 ἐνθάδε
1018 988 1250 1072 μάντις
1294 987 1466 1073 ἀνὴρ
1521 987 1644 1071 ἠύς
1685 1010 1756 1052 τε
1801 984 2004 1070 μέγας
2047 1006 2148 1067 τε,

398 1093 689 1176 Τήλεμος
734 1094 1152 1180 Εὐρυμίδης,
1198 1092 1271 1171 ὃς
1316 1094 1698 1179 μαντοσύνῃ
1745 1091 2052 1158 ἐκέκαστο

385 1195 500 1262 καὶ
543 1201 1029 1283 μαντευόμενος
1072 1201 1400 1285 κατεγήρα
1444 1199 1951 1264 Κυκλώπεσσιν·
2307 1211 2411 1261 510

386 1303 463 1380 ὃς
506 1326 620 1388 μοι
666 1306 794 1389 ἔφη
840 1305 996 1370 τάδε
1042 1306 1258 1371 πάντα
1300 1308 1815 1389 τελευτήσεσθαι
1859 1305 2143 1386 ὀπίσσω,

388 1420 632 1494 χειρῶν
678 1408 744 1488 ἐξ
784 1403 1100 1493 Ὀδυσῆος
1145 1409 1645 1497 ἁμαρτήσεσθαι
1689 1409 1973 1492 ὀπωπῆς.

385 1508 534 1580 ἀλλ’
586 1517 722 1580 αἰεί
759 1538 909 1580 τινα
956 1526 1145 1600 φῶτα
1189 1513 1399 1600 μέγαν
1443 1513 1555 1581 καὶ
1598 1517 1804 1581 καλὸν
1851 1513 2134 1598 ἐδέγμην

384 1615 623 1685 ἐνθάδ’
674 1619 1068 1686 ἐλεύσεσθαι
1120 1622 1415 1706 μεγάλην
1460 1619 1831 1705 ἐπιειμένον
1877 1619 2112 1703 ἀλκήν·

388 1734 518 1790 νῦν
564 1724 644 1791 δέ
683 1722 751 1811 μ’
802 1726 931 1793 ἐὼν
976 1728 1199 1811 ὀλίγος
1241 1750 1312 1792 τε
1348 1725 1460 1792 καὶ
1496 1726 1847 1803 οὐτιδανὸς
1881 1723 1994 1791 καὶ
2030 1727 2256 1802 ἄκικυς
2302 1741 2409 1790 515

384 1831 750 1916 ὀφθαλμοῦ
796 1832 1127 1916 ἀλάωσεν,
1172 1831 1320 1898 ἐπεί
1356 1827 1427 1918 μ’
1478 1831 1893 1918 ἐδαμάσσατο
1940 1838 2119 1920 οἴνῳ.

385 1931 535 2003 ἀλλ’
586 1938 701 2021 ἄγε
749 1933 959 2026 δεῦρ’,
1000 1933 1302 2023 Ὀδυσεῦ,
1350 1940 1462 2005 ἵνα
1506 1962 1612 2005 τοι
1656 1940 1788 2026 πὰρ
1836 1937 2043 2018 ξείνια
2085 1940 2251 2005 θείω

387 2047 658 2128 πομπήν
700 2040 759 2110 τ’
810 2045 1068 2131 ὀτρύνω
1115 2046 1392 2131 δόμεναι
1435 2047 1679 2112 κλυτὸν
1724 2046 2173 2128 ἐννοσίγαιον·

383 2161 509 2218 τοῦ
552 2153 681 2237 γὰρ
727 2150 855 2235 ἐγὼ
901 2152 1054 2229 πάις
1101 2154 1264 2237 εἰμί,
1309 2152 1525 2238 πατὴρ
1572 2147 1633 2217 δ’
1686 2151 1838 2236 ἐμὸς
1882 2153 2142 2237 εὔχεται
2184 2147 2382 2217 εἶναι·

389 2256 593 2334 αὐτὸς
639 2251 729 2340 δ’,
774 2263 852 2322 αἰ
887 2251 949 2322 κ’
1001 2252 1292 2343 ἐθέλῃσ’,
1342 2259 1621 2341 ἰήσεται,
1669 2256 1833 2323 οὐδέ
1872 2281 1972 2335 τις
2018 2258 2216 2334 ἄλλος
2305 2274 2410 2323 520

386 2363 544 2427 οὔτε
587 2367 771 2428 θεῶν
817 2363 1132 2448 μακάρων
1179 2364 1331 2428 οὔτε
1375 2368 1649 2448 θνητῶν
1694 2363 2116 2450 ἀνθρώπωνέ

480 2463 569 2545 ὥς
613 2461 828 2560 ἔφατ’,
874 2468 1082 2554 αὐτὰρ
1130 2467 1257 2553 ἐγώ
1304 2493 1420 2553 μιν
1464 2469 1896 2555 ἀμειβόμενος
1938 2468 2363 2554 προσέειπον·
2429 2461 2436 2466 ’

388 2576 488 2657 ,αἲ
525 2575 654 2660 γὰρ
702 2575 785 2659 δὴ
830 2584 1045 2659 ψυχῆς
1087 2598 1159 2641 τε
1202 2573 1314 2641 καὶ
1359 2579 1600 2654 αἰῶνός
1646 2592 1720 2642 σε
1768 2579 2100 2662 δυναίμην

386 2674 578 2746 εὖνιν
622 2682 902 2764 ποιήσας
946 2680 1197 2766 πέμψαι
1244 2683 1454 2766 δόμον
1499 2682 1726 2760 ’Ἀιδος
1769 2689 1958 2767 εἴσω,

385 2786 481 2863 ὡς
525 2786 649 2851 οὐκ
693 2787 1050 2871 ὀφθαλμόν
1092 2782 1157 2870 γ’
1210 2790 1462 2872 ἰήσεται
1507 2784 1656 2854 οὐδ’
1706 2787 2125 2874 ἐνοσίχθωνέ
2304 2806 2409 2855 525

481 2886 570 2969 ὧς
613 2891 907 2977 ἐφάμην,
954 2892 990 2958 ὁ
1037 2887 1100 2959 δ’
1150 2895 1372 2959 ἔπειτα
1420 2895 1841 2960 Ποσειδάωνι
1886 2896 2119 2968 ἄνακτι

387 2998 616 3081 εὔχετο
662 2993 826 3084 χεῖρ’
877 2998 1131 3084 ὀρέγων
1175 3001 1270 3077 εἰς
1315 3001 1608 3085 οὐρανὸν
1654 3001 2073 3087 ἀστερόεντα·

389 3109 647 3188 ,κλῦθι,
694 3107 1076 3171 Ποσείδαον
1126 3108 1396 3190 γαιήοχε
1441 3118 1874 3191 κυανοχαῖτα,

392 3213 457 3277 εἰ
497 3209 680 3276 ἐτεόν
725 3235 800 3294 γε
845 3214 963 3288 σός
1006 3215 1171 3297 εἰμι,
1215 3212 1429 3298 πατὴρ
1478 3207 1540 3277 δ’
1591 3212 1745 3297 ἐμὸς
1790 3215 2013 3299 εὔχεαι
2057 3208 2257 3297 εἶναι,

389 3318 510 3394 δὸς
553 3318 641 3401 μὴ
682 3312 1007 3401 Ὀδυσσῆα
1051 3320 1534 3404 πτολιπόρθιον
1579 3315 1794 3384 οἴκαδ’
1846 3319 2110 3386 ἱκέσθαι
2307 3336 2413 3386 530

399 3424 576 3504 [υἱὸν
618 3421 957 3509 Λαέρτεω,
998 3419 1225 3510 Ἰθάκῃ
1271 3427 1373 3490 ἔνι
1418 3419 1576 3490 οἰκί’
1627 3428 1907 3509 ἔχοντα].

392 3523 542 3594 ἀλλ’
592 3536 660 3595 εἰ
696 3530 768 3595 οἱ
806 3525 982 3617 μοῖρ’
1034 3529 1171 3596 ἐστὶ
1217 3534 1458 3615 φίλους
1501 3525 1559 3595 τ’
1612 3530 1813 3596 ἰδέειν
1858 3528 1969 3596 καὶ
2013 3530 2276 3597 ἱκέσθαι
