2646 3932
370 178 493 244 128
1116 180 1531 232 οΔΤΣΣΕῙΑΣ
1570 179 1637 234 Θ.

367 322 647 408 ,,κῆρυξ,
692 332 770 407 τῆ
819 324 934 407 δή,
980 332 1177 388 τοῦτο
1223 326 1386 408 πόρε
1432 320 1656 407 κρέας,
1704 323 1883 406 ὄφρα
1928 322 2252 406 φάγῃσιν,

365 430 767 517 Δημοδόκῳ·
811 430 930 495 καί
968 452 1084 513 μιν
1128 427 1628 513 προσπτύξομαι
1674 427 2042 512 ἀχνύμενός
2085 446 2237 511 περ·

365 544 528 600 πᾶσι
573 535 699 621 γὰρ
746 533 1210 619 ἀνθρώποισιν
1257 532 1745 618 ἐπιχθονίοισιν
1791 531 2009 599 ἀοιδοὶ

365 647 554 724 τιμῆς
599 642 882 724 ἔμμοροί
921 641 1049 705 εἰσι
1093 637 1204 706 καὶ
1249 641 1512 722 αἰδοῦς,
1559 633 1779 704 οὕνεκ’
1832 639 1959 723 ἄρα
2005 638 2213 724 σφέας
2283 656 2391 705 480

368 751 560 830 οἴμας
605 740 800 830 μοῦσ’
853 744 1141 828 ἐδίδαξε,
1189 749 1431 830 φίλησε
1476 740 1551 810 δὲ
1597 748 1817 829 φῦλον
1864 743 2175 809 ἀοιδῶν.“

456 845 545 928 ὧς
590 844 697 936 ἄρ’
748 853 908 935 ἔφη,
954 851 1160 936 κῆρυξ
1208 847 1282 916 δὲ
1329 848 1557 936 φέρων
1604 848 1677 915 ἐν
1722 847 1950 934 χερσὶν
1995 852 2238 934 ἔθηκεν

368 957 506 1045 ἥρῳ
550 958 955 1046 Δημοδόκῳ·
1001 956 1038 1023 ὁ
1085 951 1147 1023 δ’
1201 954 1496 1039 ἐδέξατο,
1541 966 1729 1042 χαῖρε
1777 952 1852 1022 δὲ
1895 962 2114 1045 θυμῷ.

369 1062 440 1128 οί
478 1056 540 1126 δ’
593 1057 693 1127 ἐπ’
746 1056 1004 1128 ὀνείαθ’
1058 1060 1285 1147 ἑτοῖμα
1331 1065 1729 1147 προκείμενα
1773 1072 1995 1147 χεῖρας
2041 1067 2289 1155 ἴαλλον.

368 1166 577 1252 αὐτὰρ
624 1165 764 1233 ἐπεὶ
807 1171 1041 1246 πόσιος
1084 1166 1195 1234 καὶ
1241 1167 1516 1251 ἐδητύος
1562 1166 1629 1247 ἐξ
1675 1170 1832 1252 ἔρον
1877 1166 2059 1251 ἕντο,
2285 1186 2391 1235 485

369 1273 452 1357 δὴ
499 1275 643 1338 τότε
688 1275 1091 1359 Δημόδοκον
1135 1271 1438 1359 προσέφη
1484 1273 1850 1358 πολύμητις
1889 1268 2265 1352 Ὀδυσσεύς·

368 1378 783 1463 ,,Δημόδοκ’,
829 1380 1021 1465 ἔξοχα
1066 1381 1150 1464 δή
1197 1396 1271 1445 σε
1316 1382 1578 1464 βροτῶν
1623 1374 1918 1463 αἰνίζομ’
1970 1378 2298 1446 ἁπάντων.

368 1484 409 1567 ἢ
456 1482 536 1550 σέ
575 1508 649 1568 γε
696 1480 890 1570 μοῦσ’
943 1485 1231 1567 ἐδίδαξε,
1276 1486 1446 1561 Διὸς
1490 1484 1673 1568 πάις,
1718 1483 1761 1568 ἢ
1808 1482 1889 1550 σέ
1929 1479 1992 1568 γ’
2030 1479 2392 1551 Ἀπόλλων·

369 1593 522 1674 λίην
565 1591 694 1675 γὰρ
737 1593 903 1657 κατὰ
946 1593 1201 1676 κόσμον
1239 1584 1520 1676 Ἀχαιῶν
1564 1586 1752 1656 οἶτον
1796 1591 2067 1675 ἀείδεις,

370 1693 514 1762 ὅσσ’
559 1696 755 1782 ἔρξαν
789 1694 847 1762 τ’
891 1698 1148 1762 ἔπαθόν
1182 1719 1253 1762 τε
1289 1694 1402 1762 καὶ
1439 1693 1583 1762 ὅσσ’
1619 1695 1951 1782 ἐμόγησαν
1972 1693 2240 1782 Ἀχαιοί,
2287 1714 2392 1764 490

370 1802 459 1879 ὥς
501 1800 577 1868 τέ
616 1824 749 1867 που
791 1801 834 1886 ἢ
882 1801 1080 1879 αὐτὸς
1122 1802 1391 1888 παρεὼν
1433 1801 1476 1886 ἢ
1524 1802 1731 1868 ἄλλου
1777 1802 2082 1880 ἀκούσας.

371 1904 514 1974 ἀλλ’
567 1909 683 1993 ἄγε
730 1908 813 1992 δὴ
860 1909 1188 1994 μετάβηθι
1231 1905 1345 1974 καὶ
1390 1908 1599 1974 ἵππου
1643 1910 1895 1994 κόσμον
1942 1909 2170 1975 ἄεισον

371 2013 765 2099 δουρατέου,
810 2015 930 2080 τὸν
968 2011 1220 2091 Ἐπειὸς
1265 2012 1578 2098 ἐποίησεν
1624 2017 1752 2080 σὺν
1791 2011 2072 2100 Ἀθήνῃ,

371 2120 451 2185 ὅν
494 2116 643 2185 ποτ’
697 2119 764 2197 ἐς
810 2118 1173 2206 ἀκρόπολιν
1219 2120 1425 2185 δόλον
1469 2119 1672 2202 ἤγαγε
1719 2121 1864 2197 δῖος
1903 2117 2259 2199 Ὀδυσσεὺς

371 2224 638 2311 ἀνδρῶν
682 2224 1043 2310 ἐμπλήσας,
1090 2225 1161 2290 οἵ
1202 2221 1262 2311 ῤ’
1298 2223 1509 2290 Ἴλιον
1552 2224 1978 2306 ἐξαλάπαξαν.
2287 2246 2390 2293 495

371 2336 450 2396 αἴ
483 2354 599 2396 κεν
646 2332 730 2414 δή
775 2354 889 2415 μοι
933 2340 1139 2396 ταῦτα
1184 2332 1348 2396 κατὰ
1392 2342 1634 2416 μοῖραν
1678 2331 2061 2418 καταλέξῃς,

372 2436 606 2502 αὐτίκα
649 2435 761 2502 καὶ
805 2446 1010 2503 πᾶσιν
1054 2438 1446 2521 μυθήσομαι
1493 2436 1984 2522 ἀνθρώποισιν,

372 2543 461 2620 ὡς
505 2544 634 2628 ἄρα
675 2565 778 2606 τοι
824 2545 1148 2627 πρόφρων
1191 2543 1354 2619 θεὸς
1399 2543 1620 2608 ὤπασε
1665 2542 1913 2609 θέσπιν
1959 2543 2258 2629 ἀοιδήν.“

373 2643 462 2726 ὧς
497 2644 695 2734 φάθ’,
743 2648 779 2714 ὁ
817 2644 878 2713 δ’
924 2645 1243 2732 ὁρμηθεὶς
1276 2653 1448 2714 θεοῦ
1483 2649 1751 2733 ἤρχετο,
1790 2659 1988 2732 φαῖνε
2027 2645 2089 2715 δ’
2132 2650 2389 2734 ἀοιδήν,

371 2757 573 2820 ἔνθεν
620 2752 819 2837 ἑλών,
867 2753 957 2830 ὡς
1002 2753 1073 2819 οί
1112 2749 1233 2836 μὲν
1279 2752 1661 2838 ἐυσσέλμων
1708 2752 1816 2819 ἐπὶ
1859 2765 2044 2838 νηῶν
2287 2772 2389 2822 500

371 2861 605 2944 βάντες
650 2857 1034 2941 ἀπέπλειον,
1080 2867 1214 2943 πῦρ
1259 2857 1335 2923 ἐν
1379 2861 1671 2944 κλισίῃσι
1715 2861 2061 2944 βαλόντες,

367 2961 682 3051 Ἀργεῖοι,
727 2963 834 3030 τοὶ
880 2960 941 3028 δ’
994 2964 1123 3047 ἤδη
1172 2962 1545 3047 ἀγακλυτὸν
1592 2961 1756 3048 ἀμφ’
1803 2961 2089 3048 Ὀδυσῆα

372 3067 531 3137 εἵατ’
584 3068 685 3136 ἐνὶ
738 3070 985 3154 Τρώων
1031 3067 1240 3154 ἀγορῇ
1284 3067 1767 3154 κεκαλυμμένοι
1812 3070 2018 3159 ἵππῳ·

371 3174 562 3243 αὐτοὶ
605 3176 734 3260 γάρ
779 3199 895 3260 μιν
948 3179 1166 3262 Τρῶες
1211 3174 1278 3252 ἐς
1323 3174 1686 3261 ἀκρόπολιν
1732 3175 2073 3261 ἐρύσαντο.

373 3276 463 3359 ὥς
506 3281 543 3348 ὁ
588 3277 710 3366 μὲν
755 3279 1040 3365 ἑστήκει,
1084 3278 1190 3346 τοὶ
1235 3277 1298 3347 δ’
1352 3282 1583 3366 ἄκριτα
1628 3278 1816 3346 πόλλ’
1869 3281 2197 3367 ἀγόρευον
2288 3299 2387 3349 505

373 3388 606 3473 ἥμενοι
651 3382 814 3472 ἀμφ’
867 3386 1099 3453 αὐτόν·
1161 3390 1353 3473 τρίχα
1399 3384 1478 3452 δέ
1520 3403 1755 3472 σφισιν
1799 3387 2048 3470 ἥνδανε
2092 3390 2335 3473 βουλή,

373 3489 450 3577 ἠὲ
496 3493 846 3576 διαπλῆξαι
891 3498 1123 3559 κοῖλον
1170 3494 1339 3580 δόρυ
1383 3492 1568 3577 νηλέι
1612 3498 1862 3583 χαλκῷ,
