2646 3932
1114 776 1592 853 Praefatio,

525 1045 761 1106 Novam
803 1045 959 1104 hanc
1004 1045 1338 1105 carminum
1380 1045 1834 1105 Homericorum
1889 1047 2212 1110 editionem
2256 1049 2362 1124 qui

352 1133 789 1209 comparaverit
850 1151 989 1192 cum
1058 1138 1276 1211 quarta
1329 1134 1743 1212 Dindorfiana,
1808 1135 1861 1194 is
1922 1136 2086 1195 haud
2140 1155 2362 1212 paucas

352 1225 617 1281 mutatas
670 1241 797 1282 esse
851 1222 1116 1282 inveniet
1172 1227 1234 1282 et
1285 1223 1574 1282 lectiones
1629 1227 1690 1281 et
1752 1225 2096 1299 scripturae.
2188 1223 2362 1295 Quod

350 1314 423 1370 ut
466 1314 783 1387 propterea
828 1310 1148 1370 molestum
1191 1311 1522 1388 videbitur,
1591 1313 1734 1388 quia
1789 1312 1973 1372 editio
2032 1313 2096 1371 in
2141 1313 2361 1373 scholis

351 1400 605 1458 maxime
651 1403 1004 1477 usurpatur,
1048 1400 1138 1458 ita
1182 1400 1514 1459 necessario
1559 1401 1790 1460 factum
1833 1420 1960 1460 esse
2007 1421 2078 1460 ea
2120 1402 2253 1477 ipsa
2297 1422 2360 1461 re

350 1487 750 1566 intelligetur,
813 1489 973 1565 quod
1032 1488 1216 1548 editio
1275 1489 1413 1547 inde
1473 1488 1549 1548 ab
1610 1507 1765 1547 anno
1809 1488 2213 1549 MDCCCLVI
2267 1510 2359 1549 re-

352 1576 592 1654 cognita
671 1596 790 1636 non
862 1580 1007 1636 erat.
1115 1577 1330 1654 Itaque
1412 1596 1549 1636 cum
1627 1579 2088 1655 recognoscendi
2156 1597 2362 1638 curam

351 1665 766 1743 suscepissem,
828 1665 892 1725 id
953 1666 1103 1724 mihi
1163 1666 1540 1742 propositum
1603 1684 1730 1725 esse
1783 1666 2020 1744 putavi,
2083 1670 2155 1726 ut
2207 1687 2360 1744 quae
2466 1742 2470 1747 ,

352 1756 415 1812 et
452 1755 883 1832 recentiorum
945 1754 1245 1814 editorum
1306 1755 1466 1814 curis
1529 1754 1843 1814 emendata
1903 1758 1964 1814 et
2026 1757 2361 1815 ceterorum

351 1841 619 1902 virorum
671 1843 984 1902 doctorum
1039 1843 1254 1902 studiis
1297 1843 1632 1902 Homericis
1683 1844 1930 1902 inventa
1981 1847 2178 1921 erant,
2224 1845 2358 1903 dili-

352 1933 562 2008 genter
622 1931 978 1992 adhiberem.
1081 1932 1284 2009 Atque
1346 1932 1409 1991 in
1479 1931 1838 1992 lectionibus
1910 1931 2151 2009 quidem
2221 1951 2358 1993 con-

353 2020 672 2080 stituendis
718 2040 755 2080 a
796 2020 1104 2081 Dindorfio
1149 2022 1422 2081 recedere
1475 2039 1595 2080 non
1649 2020 1946 2099 dubitavi,
1998 2021 2360 2099 ubicumque

351 2109 451 2168 vel
505 2110 802 2169 sententia
853 2110 952 2170 vel
1013 2110 1303 2169 librorum
1368 2113 1817 2187 ceterorumque
1878 2111 2361 2170 testimoniorum

352 2197 712 2257 auctoritate
757 2198 911 2266 aliae
956 2198 1149 2276 magis
1193 2198 1593 2258 commendari
1636 2199 1799 2259 visae
1854 2201 2010 2258 sunt.
2098 2199 2170 2258 In
2216 2200 2358 2259 scri·

352 2288 535 2362 ptura
578 2287 945 2346 emendanda
990 2287 1112 2346 fere
1159 2290 1402 2346 secutus
1457 2306 1591 2346 sum
1633 2287 1998 2346 Bekkerum:
2054 2288 2158 2364 qui
2211 2307 2360 2365 quas

354 2374 717 2435 editionibus
762 2375 887 2435 suis
932 2375 1248 2435 constituit
1290 2376 1456 2453 leges
1469 2423 1484 2453 ,
1529 2379 1601 2434 ut
1645 2379 1706 2438 et
1752 2375 1828 2433 ad
1872 2375 2134 2435 indolem
2178 2380 2359 2454 atque

353 2463 643 2540 originem
671 2464 960 2523 sermonis
985 2464 1289 2524 Homerici
1325 2468 1386 2524 et
1423 2465 1500 2524 ad
1546 2465 1694 2523 artis
1739 2464 2021 2523 metricae
2067 2465 2360 2524 rationem

354 2552 577 2628 optime
614 2553 1093 2612 accommodatae
1140 2571 1268 2612 esse
1304 2552 1602 2629 videntur,
1646 2553 1736 2611 ita
1768 2552 2200 2613 recentioribus
2237 2553 2358 2612 edi-

353 2640 586 2701 toribus
651 2642 772 2700 sere
836 2660 1039 2701 omnes
1101 2642 1388 2718 probatae
1453 2644 1609 2701 sunt.
1716 2640 1813 2699 Ita
1875 2659 2013 2699 cum
2073 2642 2360 2701 constitui

352 2732 587 2788 textum
640 2733 703 2789 et
756 2729 1219 2792 emendatiorem
1270 2749 1463 2806 neque
1518 2749 1555 2789 a
1609 2729 1822 2789 ceteris
1876 2729 2239 2802 editionibus
2297 2732 2359 2789 in

353 2818 693 2877 scholarum
736 2836 916 2877 usum
970 2818 1284 2879 destinatis
1338 2818 1600 2877 multum
1652 2817 2051 2895 recedentem,
2105 2819 2168 2877 id
2221 2820 2358 2878 effe·

353 2905 507 2965 cisse
549 2907 696 2965 mihi
739 2907 968 2984 videor,
1029 2907 1188 2983 quod
1247 2907 1503 2965 maxime
1561 2906 1682 2965 fuit
1738 2905 2079 2982 petendum.
2169 2906 2359 2967 Inter-

351 2994 736 3071 punctionem
780 3014 989 3055 moneo
1035 2995 1112 3055 ad
1158 2995 1588 3071 discipulorum
1633 3013 1811 3053 usum
1855 2995 2361 3054 accommodatam

352 3102 507 3161 esse3
564 3103 720 3159 quae
779 3085 830 3142 si
886 3084 1085 3143 minus
1142 3087 1423 3143 constans
1479 3083 1808 3160 videbitur,
1869 3101 1940 3142 eo
2000 3083 2159 3159 quod
2214 3085 2362 3143 mihi

351 3171 727 3248 propositum
769 3173 906 3249 fuit,
951 3176 1022 3232 ut
1067 3175 1402 3249 excusetur,
1445 3172 1723 3230 futurum
1766 3189 1894 3231 esse
1941 3190 2130 3247 spere.

529 3260 701 3322 Addo
759 3261 1011 3338 singulis
1067 3260 1342 3336 partibus
1395 3260 1694 3336 tabulam,
1743 3278 1887 3337 qua,
1942 3260 2161 3336 quibus
2215 3260 2363 3319 locis

351 3348 534 3425 hujus
597 3350 841 3426 quintae
905 3350 1183 3409 editionis
1247 3353 1309 3409 et
1362 3352 1613 3425 quartae
1669 3347 2008 3424 discrepent
2060 3349 2361 3424 lectiones,

353 3437 528 3496 facile
574 3438 966 3516 intelligatur.

1824 3536 1886 3602 G.
1929 3534 2183 3601 Hentze.

816 3721 892 3805 C.
949 3735 1175 3808 seq!
