2646 3932
414 207 545 271 202
1155 209 1571 261 οΔΤΣΣΕῙΑΣ
1605 210 1678 261 Μ.

411 348 555 415 ἀλλ’
607 350 715 416 ὅτε
761 352 845 434 δὴ
892 352 1130 435 σχεδὸν
1175 346 1263 435 ἦα
1306 352 1471 417 κιὼν
1512 351 1663 428 νεὸς
1707 350 2171 435 ἀμφιελίσσης,

409 454 521 521 καὶ
563 458 710 521 τότε
754 479 833 540 με
878 459 1108 540 κνίσης
1154 454 1552 540 ἀμφήλυθεν
1595 457 1847 541 θερμὸς
1891 446 2122 540 ἀυτμή.

410 561 693 645 οἰμώξας
739 558 813 627 δὲ
854 567 1078 626 θεοῖσι
1122 559 1262 645 μέγ’
1316 561 1714 628 ἀθανάτοισι
1754 561 2119 644 γεγώνευν·
2315 577 2419 627 870

410 670 569 750 ,Ζεῦ
612 667 814 751 πάτερ
859 664 966 750 ἠδ’
1020 667 1211 732 ἄλλοι
1254 668 1541 752 μάκαρες
1582 665 1736 737 θεοὶ
1782 662 1926 731 αἰὲν
1972 665 2225 750 ἐόντες,

408 766 450 855 ἦ
498 795 577 856 με
622 770 773 856 μάλ’
826 774 921 850 εἰς
966 773 1130 856 ἄτην
1172 775 1526 857 κοιμήσατε
1569 771 1757 857 νηλέι
1800 772 2020 860 ὕπνῳ,

411 878 483 942 οἱ
523 875 584 943 δ’
637 877 857 964 ἔταροι
901 876 1066 962 μέγα
1112 881 1309 964 ἔργον
1358 878 1746 964 ἐμητίσαντο
1792 877 2143 963 μένοντεςέ

500 981 669 1048 ὠκέα
715 981 777 1049 δ’
823 982 1067 1072 Ἠελίῳ·
1094 981 1421 1070 Ὑπερίονι
1468 986 1743 1068 ἄγγελος
1786 980 1997 1069 ἦλθεν

409 1091 749 1173 Λαμπετίη
794 1090 1235 1173 τανύπεπλος,
1281 1090 1318 1155 ὅ
1365 1090 1437 1156 οἱ
1473 1094 1635 1175 βόας
1678 1093 1953 1175 ἔκταμεν
1994 1090 2197 1175 ἡμεῖς.
2314 1105 2419 1154 375

410 1193 644 1259 αὐτίκα
690 1193 751 1260 δ’
796 1195 1193 1260 ἀθανάτοισι
1237 1197 1530 1281 μετηύδα
1572 1199 1905 1283 χωόμενος
1948 1205 2072 1281 κῆρ
2086 1215 2101 1231 ·

409 1305 568 1385 ,Ζεῦ
611 1301 813 1386 πάτερ
858 1299 965 1385 ἡδ’
1018 1303 1209 1367 ἄλλοι
1252 1304 1536 1388 μάκαρες
1578 1302 1732 1369 θεοὶ
1778 1299 1921 1369 αἰὲν
1968 1302 2214 1385 ἐόντες,

408 1416 587 1473 τῖσαι
633 1408 715 1490 δὴ
762 1405 1035 1493 ἑτάρους
1078 1409 1499 1492 Λαερτιάδεω
1539 1406 1885 1491 Ὀδυσῆος,

410 1513 481 1577 οἵ
520 1536 644 1596 μευ
688 1515 850 1595 βοῦς
895 1514 1189 1578 ἔκτειναν
1232 1512 1582 1598 ὑπέρβιον,
1627 1505 1782 1599 ᾗσιν
1828 1513 1955 1596 ἐγώ
1999 1536 2075 1595 γε

408 1620 759 1704 χαίρεσκον
802 1614 924 1701 μὲν
970 1618 1091 1684 ἰὼν
1135 1620 1229 1695 είς
1274 1618 1568 1704 οὐρανὸν
1613 1618 2033 1703 ἀστερόεντα,
2313 1634 2418 1684 380

408 1721 514 1807 ἠδ’
567 1719 749 1789 ὁπότ’
802 1721 895 1801 ἂψ
941 1721 1047 1788 ἐπὶ
1090 1734 1289 1806 γαῖαν
1334 1721 1444 1788 ἀπ’
1490 1724 1867 1810 οὐρανόθεν
1900 1727 2418 1809 προτραποίμην.

409 1832 473 1895 εἰ
515 1828 594 1894 δέ
632 1852 745 1914 μοι
791 1828 874 1894 οὐ
917 1832 1180 1894 τίσουσι
1221 1833 1403 1913 βοῶν
1448 1828 1710 1896 ἐπιεικέ’
1762 1830 2073 1915 ἀμοιβήν,

411 1935 695 2020 δύσομαι
739 1936 834 2012 εἰς
871 1931 1094 2001 Ἀίδαο
1138 1934 1249 2001 καὶ
1295 1935 1370 2002 ἐν
1413 1937 1719 2003 νεκύεσσι
1765 1936 2056 2029 φαείνωέ

408 2044 526 2107 τὸν
573 2039 634 2106 δ’
688 2041 1210 2126 ἀπαμειβόμενος
1252 2042 1554 2129 προσέφη
1599 2044 2078 2130 νεφεληγερέτα
2125 2043 2318 2119 Ζεύς·

411 2144 668 2231 ,Ἠέλι’,
714 2142 755 2231 ἦ
800 2170 906 2213 τοι
950 2143 1072 2231 μὲν
1117 2151 1202 2213 σὺ
1247 2147 1385 2233 μετ’
1439 2148 1834 2215 ἀθανάτοισι
1880 2151 2113 2235 φάεινε
2315 2164 2419 2214 385

408 2251 519 2318 καὶ
565 2258 879 2336 θνητοῖσι
922 2255 1263 2338 βροτοῖσιν
1308 2252 1416 2318 ἐπὶ
1463 2256 1774 2338 ζείδωρον
1820 2255 2144 2341 ἄρουραν·

408 2370 543 2424 τῶν
589 2357 667 2423 δέ
706 2356 767 2423 κ’
820 2357 946 2440 ἐγὼ
992 2358 1156 2442 τάχα
1199 2367 1329 2442 νῆα
1372 2361 1551 2443 θοὴν
1596 2360 1829 2446 ἀργῆτι
1871 2370 2171 2450 κεραυνῷ

409 2466 624 2531 τυτθὰ
665 2465 893 2547 βαλὼν
926 2466 1231 2550 κεάσαιμι
1275 2464 1451 2555 μέσῳ
1498 2464 1600 2532 ἐνὶ
1644 2473 1866 2533 οἴνοπι
1910 2469 2170 2556 πόντῳ.6

496 2579 703 2637 ταῦτα
748 2567 812 2636 δ’
863 2570 1036 2654 ἐγὼν
1077 2573 1334 2655 ἤκουσα
1378 2576 1737 2650 Καλυψοῦς
1780 2573 2128 2657 ἠυκόμοιο·

408 2677 451 2761 ἡ
499 2674 560 2742 δ’
613 2678 740 2761 ἔφη
778 2673 1081 2763 Ἑρμείαο
1129 2679 1484 2763 διακτόρου
1529 2676 1695 2760 αὐτὴ
1742 2677 2037 2743 ἀκοῦσαι.
2316 2695 2421 2744 390

500 2782 708 2868 αὐτὰρ
754 2782 900 2848 ἐπεί
938 2780 999 2869 ῤ’
1052 2781 1159 2848 ἐπὶ
1203 2791 1332 2866 νῆα
1373 2784 1757 2866 κατήλυθον
1800 2780 1920 2866 ἠδὲ
1961 2784 2341 2867 θάλασσαν,

410 2892 667 2955 νείκεον
713 2890 1002 2954 ἄλλοθεν
1048 2890 1253 2953 ἄλλον
1296 2887 1683 2971 ἐπισταδόν,
1730 2888 1895 2954 οὐδέ
1933 2913 1997 2954 τι
2040 2898 2247 2973 μῆχος

363 3033 365 3035 -
412 2993 759 3081 εὑρέμεναι
804 2996 1222 3079 δυνάμεσθα,
1266 2997 1419 3078 βόες
1465 2992 1526 3058 δ’·
1581 2993 2045 3061 ἀποτέθνασαν
2086 2997 2235 3080 ἤδη.

411 3110 627 3166 τοῖσιν
672 3098 734 3166 δ’
787 3098 997 3165 αὐτίκ’
1050 3102 1270 3164 ἔπειτα
1311 3098 1465 3165 θεοὶ
1508 3098 1707 3184 τέραα
1749 3101 2202 3186 προύφαινον·

413 3198 646 3292 εἷρπον
680 3202 803 3291 μὲν
840 3206 1046 3293 ῥινοί,
1090 3204 1249 3292 κρέα
1286 3203 1348 3270 δ’
1392 3203 1557 3291 ἀμφ’
1602 3206 1893 3288 ὀβελοῖσι
1928 3209 2270 3292 μεμύκειν,
2316 3224 2424 3273 895

415 3311 700 3378 ὀπταλέα
742 3336 814 3379 τε
856 3311 968 3377 καὶ
1015 3312 1188 3397 ὠμά,
1232 3315 1412 3395 βοῶν
1459 3308 1522 3376 δ’
1575 3311 1665 3388 ὣς
1708 3315 1970 3395 γίγνετο
2016 3316 2228 3397 φωνή.
2326 3321 2333 3327 ’

500 3417 741 3507 ἑξῆμαρ
785 3415 907 3505 μὲν
953 3421 1173 3484 ἔπειτα
1218 3416 1363 3501 ἐμοὶ
1409 3417 1664 3503 ἐρίηρες
1710 3416 1956 3502 ἑταῖροι

414 3523 710 3591 δαίνυντ’
756 3523 1043 3591 Ἠελίοιο
1088 3528 1268 3608 βοῶν
1313 3522 1661 3600 ἐλάσαντες
1706 3523 2000 3609 ἀρίστας·
