2646 3932
983 214 1398 267 οΔΤΣΣΕΙΑΣ
1435 215 1498 266 v.
2180 214 2259 277 77

237 359 443 441 αὔδα,
491 357 527 423 ὅ
572 381 637 422 τι
682 356 1016 444 φρονέεις·
1059 356 1316 423 τελέσαι
1365 356 1444 423 δέ
1484 381 1564 442 με
1607 359 1828 441 θυμὸς
1870 358 2159 442 ἄνωγεν,

236 465 301 530 εἰ
343 464 632 549 δύναμαι
673 462 931 529 τελέσαι
977 486 1051 547 γε
1097 462 1208 530 καὶ
1253 466 1318 530 εἰ
1360 461 1823 547 τετελεσμένον
1868 463 2066 529 ἐστίν.
2193 482 2262 531 90

241 568 411 652 [ἀλλ’
464 570 617 636 ἕπεο
662 568 991 656 προτέρω,
1038 570 1150 635 ἵνα
1192 593 1298 635 τοι
1342 571 1477 656 πὰρ
1523 569 1732 649 ξείνια
1775 571 2036 651 θείω.]“

326 670 416 754 ὧς
460 677 588 763 ἄρα
634 677 1001 760 φωνήσασα
1045 676 1175 741 θεὰ
1219 674 1557 761 παρέθηκε
1601 675 1926 762 τράπεζαν

237 782 603 869 ἀμβροσίης
648 784 982 866 πλήσασα,
1027 780 1307 868 κέρασσε
1354 778 1428 847 δὲ
1471 780 1712 867 νέκταρ
1757 780 2082 867 ἐρυθρόν·

236 889 446 974 αὐτὰρ
493 888 529 955 ὁ
574 899 724 954 πῖνε
768 885 879 953 καὶ
922 881 1094 970 ἦσθε
1141 887 1490 974 διάκτορος
1534 887 1992 973 ἀργεϊφόντης.

238 995 448 1081 αὐτὰρ
496 991 636 1060 ἐπεὶ
684 995 994 1077 δείπνησε
1038 990 1150 1058 καὶ
1193 994 1400 1078 ἤραρε
1444 994 1672 1077 θυμὸν
1717 992 1963 1078 ἐδωδῇ,
2193 1010 2260 1058 95

236 1098 349 1166 καὶ
390 1103 537 1166 τότε
583 1101 667 1184 δή
712 1124 828 1185 μιν
873 1102 1141 1165 ἔπεσσιν
1187 1098 1621 1183 ἀμειβόμενος
1663 1097 2082 1184 προσέειπεν·

238 1208 558 1293 ,,εἰρωτᾷς
603 1204 673 1291 μ’
726 1205 1012 1272 ἐλθόντα
1056 1205 1187 1270 θεὰ
1229 1206 1430 1286 θεόν,
1477 1203 1686 1289 αὐτὰρ
1732 1202 1859 1286 ἐγώ
1904 1226 2010 1269 τοι

236 1310 607 1398 νημερτέως
649 1314 769 1378 τὸν
812 1318 1038 1397 μῦθον
1082 1309 1446 1393 ἐνισπήσω·
1489 1307 1709 1375 κέλεαι
1751 1310 1897 1395 γάρ.

239 1421 408 1496 Ζεὺς
451 1416 569 1502 ἐμέ
606 1417 670 1503 γ’
722 1419 967 1501 ἠνώγει
1010 1414 1195 1502 δεῦρ’
1248 1414 1529 1500 ἐλθέμεν
1574 1416 1699 1481 οὐκ
1743 1414 2092 1481 ἐθέλοντα·

235 1528 336 1602 τίς
381 1523 443 1589 δ’
494 1523 580 1590 ἂν
623 1524 793 1591 ἑκὼν
836 1523 1158 1590 τοσσόνδε
1204 1522 1562 1607 διαδράμοι
1598 1520 1897 1608 ἁλμυρὸν
1932 1521 2116 1608 ὕδωρ
2161 1538 2260 1587 100

238 1633 549 1710 ἄσπετον;
600 1629 765 1697 οὐδέ
803 1653 904 1708 τις
947 1630 1099 1713 ἄγχι
1144 1631 1405 1714 βροτῶν
1449 1630 1670 1710 πόλις,
1717 1627 1790 1692 οἵ
1825 1650 1895 1693 τε
1940 1633 2205 1693 θεοῖσιν

240 1737 383 1821 ίερά
425 1760 496 1802 τε
542 1735 802 1823 ῥέζουσι
846 1733 957 1802 καὶ
1003 1733 1297 1813 ἐξαίτους
1343 1731 1718 1817 ἑκατόμβας.

239 1843 403 1910 ἀλλά
448 1841 598 1928 μάλ’
651 1843 734 1909 οὔ
777 1863 917 1919 πως
963 1843 1103 1906 ἔστι
1147 1840 1314 1915 Διὸς
1359 1840 1524 1904 νόον
1569 1840 1894 1923 αἰγιόχοιο

240 1950 390 2016 οὔτε
435 1948 868 2037 παρεξελθεῖν
915 1948 1121 2013 ἄλλον
1163 1946 1332 2012 θεὸν
1379 1942 1534 2010 οὔθ’
1586 1944 1880 2011 ἁλιῶσαι.

239 2061 412 2143 φησί
448 2080 552 2123 τοι
599 2057 811 2141 ἄνδρα
855 2064 1163 2140 παρεῖναι
1208 2051 1650 2138 ὀιζυρώτατον
1696 2053 1947 2135 ἄλλων,
2159 2068 2260 2117 105

238 2176 372 2230 τῶν
417 2163 714 2249 ἀνδρῶν,
762 2163 833 2226 οἳ
872 2160 1039 2225 ἄστυ
1083 2157 1234 2244 πέρι
1283 2158 1615 2242 Πριάμοιο
1661 2158 1948 2242 μάχοντο

242 2270 583 2355 [εἰνάετες,
632 2267 880 2355 δεκάτῳ
928 2260 1002 2330 δὲ
1046 2267 1243 2330 πόλιν
1287 2262 1647 2349 πέρσαντες
1691 2266 1941 2347 ἔβησαν

240 2374 477 2443 οἴκαδ’·
523 2374 686 2460 ἀτὰρ
732 2372 807 2438 ἐν
850 2373 1065 2459 νόστῳ
1106 2367 1472 2454 Ἀθηναίην
1517 2368 1852 2452 ἀλίτοντο,

238 2484 281 2566 ἥ
327 2499 493 2567 σφιν
538 2475 779 2565 έπῶρσ’
832 2479 1080 2562 ἄνεμόν
1123 2499 1194 2542 τε
1238 2477 1444 2542 κακὸν
1487 2474 1599 2541 καὶ
1642 2476 1898 2559 κύματα
1944 2476 2176 2561 μακρά.

239 2586 386 2654 ἔνθ’
439 2588 630 2651 ἄλλοι
674 2582 796 2669 μὲν
841 2585 1080 2660 πάντες
1127 2581 1511 2666 ἀπέφθιθεν
1557 2579 1791 2646 ἐσθλοὶ
1837 2579 2104 2666 ἑταῖροι,
2158 2598 2257 2647 110

240 2696 358 2761 τὸν
386 2692 448 2759 δ’
491 2694 619 2778 ἄρα
656 2687 840 2775 δεῦρ’
885 2691 1123 2773 ἄνεμός
1157 2711 1228 2753 τε
1265 2686 1492 2773 φέρων
1526 2686 1638 2752 καὶ
1672 2695 1848 2771 κῦμα
1884 2685 2255 2768 πέλασσεν.]

238 2803 358 2867 τὸν
401 2808 530 2866 νῦν
576 2794 638 2863 σ’
690 2797 977 2881 ἠνώγειν
1022 2792 1486 2877 ἀποπεμπέμεν
1531 2793 1669 2857 ὄττι
1713 2793 2010 2877 τάχιστα·

241 2908 324 2974 οὐ
367 2907 494 2992 γάρ
541 2904 612 2970 οί
649 2900 795 2989 τῇδ’
848 2897 1003 2967 αἶσα
1050 2903 1267 2985 φίλων
1314 2898 1691 2983 ἀπονόσφιν
1737 2899 2043 2981 ὀλέσθαι,

242 3012 385 3081 ἀλλ’
438 3015 534 3079 ἔτι
580 3011 650 3076 ol*
689 3004 866 3094 μοῖρ’
920 3003 1059 3072 ἐστὶ
1105 3009 1347 3091 φίλους
1390 3002 1448 3069 τ’
1503 3002 1705 3070 ἰδέειν
1749 3002 1861 3070 καὶ
1907 3004 2170 3070 ἱκέσθαι

242 3117 429 3187 οἷκον
473 3117 540 3195 ἐς
582 3115 937 3199 ὑψόροφον
980 3109 1091 3178 καὶ
1138 3110 1254 3195 ἑὴν
1297 3109 1366 3187 ές
1408 3111 1691 3195 πατρίδα
1734 3111 1998 3193 γαῖαν.“
2157 3126 2256 3175 115

331 3221 419 3302 ὧς
463 3223 664 3309 φάτο,
710 3221 983 3307 ῥίγησεν
1028 3214 1102 3284 δὲ
1147 3217 1443 3294 Καλυψὼ
1490 3216 1602 3280 δῖα
1645 3216 1903 3299 θεάων,

239 3336 358 3399 καί
395 3354 511 3415 μιν
555 3323 897 3413 φωνήσασ’
950 3327 1105 3390 ἔπεα
1147 3324 1503 3409 πτερόεντα
1546 3321 1923 3405 προσηύδα·

240 3436 578 3523 ,,σχε’τλιοί
617 3434 791 3516 ἐστε,
835 3434 1017 3514 θεοί,
1066 3431 1421 3513 ζηλήμονες
1464 3427 1694 3511 ἔξοχον
1740 3427 1989 3509 ἄλλων,

240 3545 312 3611 οἳ
350 3567 420 3609 τε
466 3547 658 3617 θεαῖς
704 3539 1000 3621 ἀγάασθε
1046 3533 1200 3622 παρ’
1254 3533 1581 3619 ἀνδράσιν
1625 3531 2019 3609 εὐνάζεσθαι
