2646 3932
1036 189 1451 241 οΔΤΣΣΕΙΑΣ
1487 192 1579 244 IV.
2232 190 2311 253 71

301 329 374 396 ἐν
420 327 481 396 δ’
535 328 709 396 ἔθετ’
763 331 1127 414 οὐλοχύτας
1170 330 1416 420 κανέῳ,
1461 333 1666 418 ἠρᾶτο
1715 329 1777 396 δ’
1824 330 2105 418 Ἀθήνῃ·

301 438 556 519 ,,κλῦθί
592 460 745 520 μευ,
792 439 1114 521 αἰγιόχοιο
1158 439 1328 513 Διὸς
1371 436 1585 521 τέκος,
1624 437 1999 524 ἀτρυτώνη,

300 548 367 607 εἴ
402 539 567 606 ποτέ
606 564 710 607 τοι
752 543 1116 626 πολύμητις
1161 540 1261 608 ἐνὶ
1307 544 1694 627 μεγάροισιν
1733 541 2087 620 Ὀδυσσεὺς

299 647 340 731 ἢ
386 649 543 730 βοὸς
586 646 628 731 ἢ
677 648 816 724 ὄιος
859 648 1022 712 κατὰ
1068 650 1268 713 πίονα
1312 646 1497 734 μηρί’
1549 652 1769 733 ἔκηεν,

299 764 432 818 τῶν
477 762 606 819 νῦν
650 777 762 838 μοι
808 761 1054 837 μνῆσαι
1097 756 1213 818 καί
1251 777 1366 838 μοι
1413 757 1615 837 φίλον
1658 747 1773 819 υἷα
1819 755 2114 838 σάωσον,
2216 772 2316 821 765

299 868 677 943 μνηστῆρας
723 857 785 924 δ’
839 859 1168 924 ἀπάλαλκε
1213 870 1428 936 κακῶς
1472 859 2105 946 ὑπερηνορέοντας.“

389 960 477 1043 ὧς
524 963 779 1031 εἰποῦσ’
832 963 1137 1047 ὀλόλυξε,
1183 966 1312 1029 θεὰ
1360 963 1440 1030 δέ
1481 965 1553 1031 ol
1592 968 1824 1031 ἔκλυεν
1870 965 2049 1052 ἀρῆς.

299 1079 665 1155 μνηστῆρες
711 1067 772 1135 δ’
825 1069 1171 1154 ὁμάδησαν
1207 1069 1336 1136 ἀνὰ
1381 1068 1632 1155 μέγαρα
1678 1074 2007 1137 σκιόεντα*

300 1172 428 1242 ὧδε
474 1176 552 1242 δέ
592 1200 691 1253 τις
737 1182 994 1242 εἴπεσκε
1039 1174 1212 1241 νέων
1256 1175 1871 1261 ὑπερηνορεόντων·

299 1277 384 1365 ,,ἦ
430 1283 604 1366 μάλα
651 1283 734 1365 δὴ
779 1283 995 1366 γάμον
1040 1283 1203 1366 ἄμμι
1249 1284 1676 1365 πολυμνήστη
1723 1284 2023 1364 βασίλεια
2216 1299 2318 1349 770

300 1387 553 1473 ἀρτύει,
601 1386 765 1452 οὐδέ
803 1409 867 1451 τι
915 1382 1135 1469 οἶδεν,
1182 1386 1218 1452 ὅ
1265 1387 1338 1452 οί
1377 1389 1587 1470 φόνος
1631 1380 1730 1452 υἶι
1773 1386 2141 1454 τέτυκται.“

387 1488 475 1569 ὧς
519 1494 646 1579 ἄρα
690 1517 789 1570 τις
834 1498 1120 1577 εἴπεσκε,
1165 1494 1245 1558 τὰ
1294 1491 1357 1557 δ’
1402 1492 1525 1558 οὐκ
1562 1499 1745 1577 ἴσαν,
1784 1494 1872 1570 ὡς
1910 1493 2226 1560 ἐτέτυκτο.

297 1610 513 1664 τοῖσιν
558 1596 619 1665 δ’
666 1597 1000 1675 Ἀντίνοος
1046 1598 1419 1685 ἀγορήσατο
1463 1596 1575 1664 καὶ
1622 1598 1982 1683 μετέειπεν*

298 1706 707 1789 ,,δαιμόνιοι,
754 1706 1017 1789 μύθους
1062 1701 1184 1789 μὲν
1227 1704 1683 1791 ὑπερφιάλους
1728 1704 2016 1772 ἀλέασθε

296 1811 546 1887 πάντας
591 1810 793 1894 ὁμῶς,
841 1812 931 1895 μή
975 1812 1107 1876 πού
1151 1833 1251 1887 τις
1296 1810 1729 1896 ἀπαγγείλῃσι
1774 1809 1885 1877 καὶ
1931 1820 2106 1878 εἴσω.
2217 1830 2316 1878 775

299 1915 439 1982 ἀλλ’
495 1918 611 2001 ἄγε
658 1926 809 2003 σιγῇ
856 1927 1042 1983 τοῖον
1089 1916 1490 1994 ἀναστάντες
1535 1916 1859 2002 τελέωμεν

298 2029 552 2107 μῦθον,
600 2022 635 2088 ὃ
685 2024 768 2106 δὴ
814 2021 925 2088 καὶ
970 2033 1172 2088 πᾶσιν
1219 2021 1320 2088 ἐνὶ
1366 2020 1607 2108 φρεσὶν
1650 2025 1899 2110 ἤραρεν
1942 2025 2164 2109 ἡμῖν.“

386 2124 474 2205 ὧς
520 2128 725 2193 εἰπὼν
771 2125 1055 2211 ἐκρίνατ’
1110 2128 1352 2194 ἐείκοσι
1399 2139 1623 2212 φῶτας
1668 2129 2012 2215 ἀρίστους,

297 2236 426 2317 βὰν
475 2232 538 2298 δ’
593 2233 762 2300 ἰέναι
809 2231 916 2299 ἐπὶ
959 2242 1088 2316 νῆα
1130 2235 1310 2317 θοὴν
1357 2232 1467 2299 καὶ
1509 2239 1675 2299 θῖνα
1719 2236 2081 2319 θαλάσσης.

296 2348 425 2424 νῆα
470 2336 591 2424 μὲν
637 2334 761 2405 οὖν
806 2341 1209 2426 πάμπρωτον
1255 2339 1411 2416 ἁλὸς
1455 2337 1785 2421 βένθοσδε
1833 2342 2153 2426 ἔρυσσαν,
2216 2359 2317 2407 780

298 2445 370 2511 ἐν
419 2443 479 2511 δ’
535 2446 721 2511 ίστόν
764 2443 823 2511 τ’
878 2445 1176 2511 ἐτίθεντο
1222 2443 1334 2510 καὶ
1382 2445 1556 2510 ἱστία
1600 2443 1714 2528 νηὶ
1760 2449 2068 2531 μελαίνῃ,

297 2552 668 2635 ἠρτύναντο
717 2548 779 2616 δ’
835 2550 1070 2635 ἐρετμὰ
1115 2562 1386 2637 τροποῖς
1432 2551 1505 2616 ἐν
1552 2551 2077 2637 δερματίνοισιν,

302 2658 539 2738 [πάντα
582 2657 747 2721 κατὰ
791 2667 1062 2742 μοῖραν,
1111 2656 1238 2721 ἀνά
1281 2654 1355 2720 θ’
1409 2655 1585 2720 ίστία
1630 2658 1830 2722 λευκὰ
1874 2657 2208 2723 πέτασσαν
2220 2662 2260 2740 ·]

295 2764 527 2847 τεύχεα
576 2762 654 2828 δέ
695 2760 812 2847 σφ’
864 2763 1135 2845 ἤνεικαν
1180 2760 1559 2845 ὑπέρθυμοι
1603 2763 2028 2847 θεράποντες.

296 2870 476 2946 ὑψοῦ
515 2867 576 2934 δ’
613 2869 686 2934 ἐν
712 2872 911 2956 νοτίῳ
940 2871 1063 2952 τήν
1090 2866 1152 2951 γ’
1189 2868 1518 2954 ὥρμισαν,
1558 2866 1631 2932 ἐκ
1658 2865 1720 2932 δ’
1755 2870 1915 2951 ἔβαν
1941 2869 2159 2934 αὐτοί·
2216 2888 2317 2936 785

297 2978 466 3040 ἔνθα
513 2971 586 3040 δὲ
633 2976 885 3059 δόρπον
931 2974 1193 3056 ἕλοντο,
1240 2972 1445 3057 μένον
1491 2971 1555 3038 δ’
1610 2971 1716 3038 ἐπὶ
1754 2972 2035 3059 ἕσπερον
2074 2973 2316 3039 ἐλθεῖν-

382 3081 424 3165 ἡ
474 3078 534 3146 δ’
587 3081 890 3169 ὑπερωίῳ
938 3076 1105 3145 αὖθι
1149 3082 1494 3165 περίφρων
1542 3081 1960 3162 Πηνελόπεια

296 3185 453 3253 κεῖτ’
506 3185 612 3273 ἄρ’
666 3188 919 3268 ἄσιτος,
966 3187 1256 3262 ἄπαστος
1302 3184 1578 3269 ἐδητύος
1621 3181 1741 3267 ἠδὲ
1785 3195 2095 3269 ποτῆτος,

298 3290 715 3380 ὁρμαίνουσ’,
760 3293 803 3376 ἦ
850 3292 921 3358 οί
959 3292 1261 3357 θάνατον
1307 3292 1514 3375 φύγοι
1557 3291 1704 3368 υἱὸς
1751 3291 2059 3376 ἀμύμων,

296 3397 337 3483 ἦ
385 3401 421 3464 ὅ
465 3397 529 3483 γ’
580 3399 710 3466 ὑπὸ
757 3407 1167 3484 μνηστῆρσιν
1211 3397 1682 3484 ὑπερφιάλοισι
1730 3398 1980 3481 δαμείη.
2217 3415 2317 3463 790

299 3506 465 3570 ὄσσα
513 3501 587 3571 δὲ
633 3505 983 3591 μερμήριξε
1030 3502 1199 3569 λέων
1245 3503 1513 3587 ἀνδρῶν
1559 3500 1633 3567 ἐν
1679 3502 1884 3590 ὁμίλῳ
