2646 3932
263 0 399 22 ‘†=

371 184 459 248 66
1115 185 1531 237 ΟΔΤΣΣΕΙΑΣ
1566 189 1628 240 Δ.

357 329 722 411 αἰγίβοτος,
767 325 879 394 καὶ
922 333 1176 412 μᾶλλον
1221 327 1544 413 ἐπήρατος
1591 328 1993 411 ἱπποβότοιο.

356 432 437 497 οὐ
482 433 611 518 γάρ
655 457 756 511 τις
798 437 1024 518 νήσων
1071 435 1433 517 ἱππήλατος
1477 432 1624 498 οὐδ’
1678 433 2029 518 ἐυλείμων,

354 538 431 602 αἵ
476 535 549 602 θ’
603 537 713 604 ἁλὶ
756 542 1114 605 κεκλίαται·
1182 536 1409 623 Ἰθάκη
1459 537 1538 604 δέ
1577 561 1647 604 τε
1693 537 1805 604 καὶ
1849 536 2001 624 περὶ
2049 536 2376 603 πασέων.“

444 639 533 720 ὧς
578 646 780 729 φάτο,
827 646 1140 729 μείδησεν
1187 641 1260 710 δὲ
1306 647 1477 729 βοὴν
1524 644 1778 727 ἀγαθὸς
1821 642 2196 726 Μενέλαος,

354 752 532 834 χειρί
555 748 632 815 τέ
655 774 771 835 μιν
796 748 1137 836 κατέρεξεν
1173 753 1329 827 ἔπος
1365 748 1423 815 τ’
1468 748 1656 834 ἔφατ’
1692 753 1765 814 ἔκ
1791 747 1849 815 τ’
1885 748 2233 834 ὀνόμαζεν·
2273 766 2376 814 610

356 855 674 939 ,,αἴματός
719 858 813 933 είς
859 856 1176 939 ἀγαθοῖο,
1223 859 1426 941 φίλον
1470 854 1685 938 τέκος,
1733 846 1822 922 οἷ’
1875 854 2241 942 ἀγορεύεις·

355 961 586 1045 τοιγὰρ
631 960 759 1044 ἐγώ
805 985 910 1028 τοι
953 971 1158 1027 ταῦτα
1202 964 1585 1047 μεταστήσω
1599 981 1615 997 ·
1681 962 1970 1045 δύναμαι
2014 961 2159 1047 γάρ.

358 1066 595 1153 δώρων
642 1065 732 1150 δ’,
780 1066 924 1134 ὄσσ’
977 1068 1052 1135 ἐν
1097 1068 1229 1157 ἐμῷ
1277 1074 1437 1156 οίκφ
1482 1069 1784 1152 κειμήλια
1829 1078 2072 1150 κεῖται,

354 1173 578 1256 δώσω,
625 1172 663 1238 ὃ
707 1175 1060 1240 κάλλιστον
1104 1173 1216 1240 καὶ
1258 1173 1689 1258 τιμηέστατόν
1736 1173 1942 1239 ἐστιν·

353 1278 546 1343 δώσω
592 1302 696 1345 τοι
739 1289 1033 1370 κρητῆρα
1076 1278 1503 1364 τετυγμένον·
1569 1279 1890 1365 ἀργύρεος
1935 1275 2010 1345 δὲ
2269 1297 2371 1346 615

352 1385 533 1449 ἔστιν
579 1385 777 1468 ἄπας,
823 1394 1045 1473 χρυσῷ
1095 1383 1157 1449 δ’
1209 1384 1317 1451 ἐπὶ
1360 1388 1578 1469 χείλεα
1621 1384 2044 1470 κεκράανται,
2362 1392 2367 1398 ’

351 1490 551 1572 ἔργον
597 1487 659 1555 δ’
703 1487 1116 1575 Ἡφαίστοιο.
1208 1494 1413 1575 πόρεν
1460 1489 1540 1556 δέ
1580 1488 1615 1556 ἑ
1662 1491 1989 1574 Φαίδιμος
2032 1492 2235 1577 ἥρως,

351 1595 691 1661 Σιδονίων
736 1597 1076 1679 βασιλεύς,
1123 1595 1233 1662 ὅθ’
1286 1596 1393 1673 ἑὸς
1440 1597 1642 1680 δόμος
1688 1595 2159 1680 ἀμφεκάλυψεν

350 1699 531 1766 κεῖσέ
570 1724 650 1786 με
693 1704 1139 1786 νοστήσαντα·
1202 1705 1342 1768 τεῒν
1390 1700 1450 1767 δ’
1504 1700 1715 1768 ἐθέλω
1762 1700 1902 1767 τόδ’
1956 1702 2305 1768 ὀπάσσαι.“

440 1800 529 1883 ὧς
574 1807 645 1871 οἰ
683 1803 805 1891 μὲν
848 1818 1120 1874 τοιαῦτα
1163 1810 1329 1895 πρὸς
1375 1808 1701 1892 ἀλλήλους
1747 1807 2103 1894 ἀγόρευον,
2266 1825 2368 1874 620

355 1912 772 1998 [δαιτυμόνες
819 1910 879 1979 δ’
933 1912 1000 1991 ἐς
1046 1911 1291 1999 δώματ’
1347 1920 1501 1980 ἴσαν
1543 1917 1742 1980 θείου
1787 1917 2117 1998 βασιλῆος.

352 2019 423 2083 οί
462 2017 524 2083 δ’-
574 2014 744 2103 ἦγον
788 2016 910 2104 μὲν
955 2025 1159 2104 μῆλα,
1206 2019 1419 2106 φέρον
1464 2016 1526 2086 δ’
1579 2020 1866 2107 ἐυήνορα
1911 2017 2128 2088 οἶνον·

353 2133 541 2190 σῑτον
587 2125 666 2191 δέ
708 2124 824 2210 σφ’
879 2128 1108 2210 ἄλοχοι
1152 2127 1705 2212 καλλικρήδεμνοι
1750 2129 2067 2212 ἔπεμπον·

351 2223 440 2306 ὧς
486 2231 557 2296 οί
596 2227 718 2316 μὲν
762 2229 913 2318 περὶ
960 2233 1233 2297 δεῖπνον
1278 2231 1381 2297 ἐνὶ
1425 2233 1771 2318 μεγάροισι
1816 2231 2140 2315 πένοντο.]

350 2345 719 2422 μνηστῆρες
765 2333 838 2402 δὲ
881 2337 1211 2423 πάροιθεν
1249 2335 1611 2421 Ὀδυσσῆος
1655 2339 1969 2424 μεγάροιο
2262 2357 2365 2407 625

213 2449 219 2455 ’
352 2441 681 2507 δίσκοισιν
724 2441 1042 2527 τέρποντο
1087 2441 1198 2507 καὶ
1242 2442 1630 2528 αἰγανέῃσιν
1678 2442 1881 2520 ίέντες

351 2546 425 2612 ἐν
468 2557 681 2636 τυκτῷ
730 2546 1019 2636 δαπέδῳ,
1068 2548 1185 2613 ὅθι
1228 2570 1354 2634 περ
1399 2549 1637 2634 πάρος,
1683 2549 1883 2635 ὕβριν
1929 2552 2202 2634 ἔχοντες.

344 2651 679 2732 Ἀντίνοος
724 2651 798 2720 δὲ
841 2660 1139 2736 καθῆστο
1184 2653 1295 2719 καὶ
1338 2655 1737 2741 Εὐρύμαχος
1778 2658 2116 2740 θεοειδής,

351 2759 543 2847 ἀρχοὶ
588 2763 1012 2846 μνηστήρων,
1060 2759 1256 2846 ἀρετῇ
1304 2758 1366 2825 δ’
1420 2763 1581 2826 ἔσαν
1626 2758 1794 2845 ἔξοχ’
1848 2764 2121 2847 ἄριστοι.

348 2877 489 2944 τοῖς
534 2864 596 2932 δ’
647 2867 793 2943 υίὸς
843 2869 1163 2952 Φρονίοιο
1210 2868 1508 2950 Νοήμων
1553 2866 1841 2950 ἐγγύθεν
1886 2868 2106 2934 ἐλθὼν
2259 2886 2362 2935 630

345 2971 686 3038 Ἀντίνοον
730 2972 1053 3057 μύθοισιν
1099 2972 1524 3059 ἀνειρόμενος
1566 2971 1983 3059 προσέειπεν·

351 3077 695 3163 ,,Ἀντίνο’,
740 3073 783 3162 ἦ
830 3078 914 3165 ῥά
957 3101 1023 3143 τι
1070 3079 1261 3163 ἴδμεν
1306 3075 1408 3144 ἐνὶ
1453 3081 1724 3165 φρεσίν,
1771 3074 1846 3162 ἦε
1891 3077 2002 3145 καὶ
2048 3080 2226 3163 οὐκί,

350 3185 591 3251 ὁππότε
644 3183 1018 3269 Τηλέμαχος
1061 3183 1221 3251 νεῖτ’
1272 3184 1347 3251 ἐκ
1392 3185 1627 3251 Πύλου
1671 3184 2110 3269 ἡμαθόεντοςς

348 3293 477 3375 νῆά
521 3315 635 3376 μοι
680 3289 876 3376 οἴχετ’
929 3293 1140 3375 ἄγων,
1188 3287 1299 3376 ἐμὲ
1347 3288 1421 3357 δὲ
1465 3292 1633 3377 χρεὼ
1677 3294 1973 3375 γίγνεται
2017 3291 2219 3376 αὐτῆς

338 3394 554 3462 Ἤλιδ’
607 3396 675 3474 ἐς
720 3398 1088 3485 εὐρύχορον
1135 3399 1556 3482 διαβήμεναι,
1602 3399 1773 3463 ἔνθα
1817 3421 1932 3482 μοι
1976 3399 2165 3463 ἵπποι
2255 3412 2359 3463 635

350 3505 605 3570 δώδεκα
648 3507 948 3588 θήλειαι,
991 3504 1122 3571 ὑπὸ
1170 3500 1232 3569 δ’
1282 3503 1550 3588 ἡμίονοι
1593 3503 1941 3590 ταλαεργοὶ
