2646 3932
341 179 389 232 X
1158 177 1557 233 SUMMARIA.

342 342 721 404 dissimulato
777 344 1023 404 consilio
1079 363 1187 404 suo
1256 341 1680 424 (319—419).
1772 346 2022 406 Interim
2084 347 2233 406 flexo
2298 347 2363 405 in

341 451 652 509 vesperam
708 432 803 491 die
850 433 1023 513 'proci
1069 453 1106 491 a
1151 436 1336 493 cantu
1380 437 1443 492 et
1486 435 1806 495 saltatione
1860 435 2134 496 cubitum
2179 436 2362 495 disce-

341 521 497 580 dunt
523 520 747 598 domos,
783 521 1031 598 ipseque
1061 522 1451 582 Telemachus
1488 523 1813 583 dormitum
1851 523 1904 582 it
1930 517 2360 604 (420—444).

1313 711 1395 776 II.

474 821 887 882 Ithacensibus
940 825 1177 899 postero
1233 843 1407 881 mane
1463 824 1540 883 ad
1598 824 1916 884 concilium
1969 824 2197 884 vocatis
2252 824 2359 883 Te-

343 910 649 970 lemachus
705 910 979 987 queritur
1032 911 1457 971 contumeliam
1511 912 1721 972 domus
1776 915 1838 972 et
1881 913 2361 991 profligationem

341 998 635 1059 bonorum
680 1002 864 1076 atque
899 999 1113 1076 populi
1148 999 1617 1059 misericordiam
1654 1003 1716 1059 et
1752 1001 2048 1060 auxilium
2075 1000 2361 1078 implorat

344 1080 639 1169 (1—79).
729 1087 1055 1165 Antinous,
1111 1108 1182 1146 ex
1235 1088 1606 1165 principibus
1658 1109 2002 1168 procorum,
2058 1090 2238 1166 culpa
2295 1089 2359 1147 in

341 1176 679 1252 Penelopen
723 1176 1019 1235 translata
1063 1175 1242 1235 finem
1295 1177 1594 1236 malorum
1638 1178 1764 1237 fore
1810 1181 2018 1256 negat,
2065 1178 2181 1237 nisi
2226 1178 2360 1254 ipsa

341 1263 617 1341 nupserit
660 1264 844 1322 alicui
890 1266 999 1323 aut
1035 1265 1112 1323 ad
1146 1264 1409 1323 Icarium
1443 1268 1677 1341 patrem
1720 1267 1927 1325 redeat
1976 1259 2357 1346 (80—128).

342 1352 746 1429 Respondenti
793 1352 1145 1412 Telemacho
1193 1355 1255 1411 et
1298 1353 1541 1412 turbam
1594 1354 1768 1414 domo
1824 1355 2099 1414 excedere
2154 1356 2357 1431 aperte

343 1440 576 1500 iubenti
634 1441 875 1517 aquilae
929 1441 1440 1517 praetervolantes
1495 1442 1833 1518 auspicium
1886 1443 2145 1519 faciunt,
2197 1443 2359 1519 quod

342 1530 677 1589 infaustum
737 1529 932 1606 procis
987 1529 1417 1604 interpretatus
1471 1533 1639 1589 vates
1694 1530 2065 1590 Halitherses
2129 1530 2384 1605 ridetur·

345 1618 419 1677 ab
465 1618 844 1694 Eurymacho
893 1613 1318 1694 (129—207).
1410 1617 1508 1676 Ita
1563 1638 1699 1678 cum
1754 1618 1905 1677 nihil
1951 1619 2229 1678 effectum
2271 1618 2358 1679 vi-

343 1707 446 1766 det
499 1705 885 1765 altercatione
944 1708 1277 1783 protracta,
1334 1705 1593 1774 iuvenis,
1621 1726 1836 1766 navem
1887 1707 2188 1785 postulat,
2237 1726 2359 1783 qua

343 1794 564 1871 Pylum
622 1795 684 1853 et
737 1790 1016 1870 Spartam
1069 1795 1327 1854 vehatur
1380 1797 1799 1870 percontatum
1860 1795 1932 1854 de
1994 1798 2192 1872 patre;
2256 1796 2359 1855 sed

342 1883 585 1941 irrisum
619 1883 732 1942 hac
769 1901 1008 1959 quoque
1047 1900 1150 1959 spe
1187 1883 1517 1941 frustratur
1553 1883 1847 1942 dissoluta
1880 1885 2078 1944 contio
2111 1878 2356 1965 (208—

346 1966 518 2051 259).
607 1971 754 2031 Inde
817 1971 880 2030 in
943 1972 1118 2032 litore
1184 1972 1347 2032 solus
1406 1975 1727 2031 veneratur
1781 1972 2136 2052 Minervam,
2201 1993 2357 2050 quae

342 2060 628 2120 Mentoris
674 2060 987 2119 cuiusdam
1031 2059 1224 2137 specie
1272 2061 1517 2119 adstans
1554 2061 1609 2119 ei
1645 2060 2003 2121 instructam
2037 2081 2251 2122 navem
2297 2063 2359 2120 et

344 2168 405 2208 se
434 2149 629 2225 ipsam
654 2149 1058 2228 navigationis
1087 2147 1366 2208 comitem
1393 2148 1714 2225 pollicetur
1742 2142 2169 2230 (260—295).
2224 2149 2355 2209 Sta-

343 2237 456 2297 tim
508 2237 753 2297 domum
808 2256 1079 2297 reversus
1134 2237 1495 2312 Eurycleam
1548 2257 1820 2313 promam
1875 2238 2098 2297 cibaria
2156 2237 2358 2298 itineri

341 2344 554 2403 parare
597 2325 770 2384 iubet
812 2325 1001 2384 inscia
1045 2328 1236 2383 matre
1275 2318 1702 2403 (296-381),
1740 2325 2011 2385 Minerva
2047 2328 2252 2385 autem
2287 2346 2358 2386 ex

342 2415 567 2491 populo
624 2412 813 2473 socios
877 2413 1134 2491 colligit,
1194 2412 1455 2488 navique
1511 2412 1586 2471 ab
1639 2414 1944 2474 Noemone
2001 2417 2245 2491 accepta
2297 2418 2359 2474 et

342 2503 599 2562 deducta
644 2500 818 2561 ambo
863 2501 1096 2578 vesperi
1141 2501 1386 2561 solvunt
1431 2520 1501 2560 ex
1544 2503 1728 2578 portu
1774 2492 2197 2583 (382—434).

1294 2706 1410 2771 III.

476 2819 897 2879 Telemachum
959 2836 1096 2877 cum
1153 2818 1423 2878 Minerva
1482 2819 1897 2878 advenientem
1958 2818 2206 2879 comiter
2263 2838 2357 2878 ex-

343 2908 493 2986 cipit
545 2909 789 2985 Nestor,
847 2926 986 2966 cum
1046 2907 1302 2966 maxime
1366 2907 1429 2965 in
1492 2907 1667 2967 litore
1731 2907 1987 2983 publicis
2051 2907 2245 2984 epulis
2299 2909 2362 2967 et

344 2996 527 3057 sacris
587 2997 870 3073 Neptuno
934 2995 1222 3055 faciendis
1285 2998 1614 3072 occupatus
1690 2988 1982 3076 11-74).
2096 2995 2157 3054 Is
2219 3015 2358 3056 vero

345 3084 712 3145 adulescenti
764 3085 837 3144 de
889 3086 1062 3161 patre
1118 3083 1447 3143 sciscitanti
1500 3084 1652 3142 nihil
1696 3084 1839 3144 novi
1883 3085 2090 3161 refert,
2138 3083 2359 3160 quippe

345 3173 613 3234 omnium
667 3173 833 3231 illius
885 3191 1088 3232 rerum
1131 3172 1405 3251 ignarus3
1466 3172 1568 3231 sed
1613 3172 1760 3249 quid
1806 3172 1918 3232 sibi
1964 3176 2027 3231 et
2072 3171 2207 3231 aliis
2253 3173 2359 3231 du-

345 3262 512 3322 cibus
556 3261 924 3322 Achivorum
977 3261 1040 3319 in
1103 3260 1302 3320 reditu
1366 3260 1442 3319 ab
1496 3259 1721 3321 excidio
1777 3261 1879 3319 Ilii
1932 3260 2239 3338 acciderit,
2301 3262 2363 3320 et

345 3351 453 3429 qui
498 3348 570 3411 ex
611 3350 734 3410 illis
780 3351 1025 3410 domum
1068 3349 1448 3427 reverterim,
1508 3348 1828 3428 diligenter
1873 3351 2113 3409 enarrat
2158 3343 2359 3427 (75—

347 3431 534 3521 200);
581 3442 713 3499 tum
758 3438 1000 3516 monitis
1042 3438 1334 3515 bonisque
1372 3438 1670 3499 ominibus
1708 3438 1784 3497 ad
1820 3437 2190 3498 ulciscendas
2226 3457 2360 3514 pro-

346 3549 557 3591 corum
601 3528 853 3588 iniurias
900 3527 1242 3606 excitatum,
1289 3529 1622 3586 memorata
1668 3526 1853 3586 etiam
1896 3525 2361 3605 Agamemnonis

2465 248 2554 296 τ’*
