2646 3932
378 187 466 250 44
1116 192 1533 245 οΔΤΣΣΕῙΑΣ
1568 194 1634 247 r.

467 325 557 408 ὥς
601 329 832 415 ἔφαθ’,
879 331 951 399 οἰ
989 329 1052 399 δ’
1104 333 1232 419 ἄρα
1275 335 1515 412 πάντες
1560 333 1941 401 ἐποίπνυον.
2029 330 2198 418 ἦλθε
2244 332 2368 421 μὲν

1225 437 1308 526 ἂρ
1354 443 1518 524 βοῦς
2294 458 2404 508 430

380 540 452 606 ἐκ
495 542 761 626 πεδίου,
806 538 1026 627 ἦλθον
1069 540 1144 611 δὲ
1186 550 1360 629 θοῆς
1402 546 1579 632 παρὰ
1621 546 1782 630 νηὸς
1826 545 2007 631 ἐίσης

388 649 774 733 Τηλεμάχου
817 648 1040 736 ἕταροι
1083 653 1557 737 μεγαλήτορος,
1602 645 1772 734 ἦλθε
1818 648 1892 717 δὲ
1937 655 2214 737 χαλκεὺς

380 750 526 818 ὅπλ’
579 752 654 820 έν
696 753 926 839 χερσὶν
970 756 1141 840 ἔχων
1183 759 1491 841 χαλκήια,
1537 759 1811 842 πείρατα
1854 755 2115 841 τέχνης,

380 859 639 942 ἄκμονά
681 882 752 926 τε
798 862 1068 947 σφῦράν
1111 859 1168 926 τ’
1221 860 1574 945 ἐυποίητόν
1617 884 1690 928 τε
1732 864 2114 948 πυράγρην,

381 956 560 1030 οἷσίν
602 988 673 1033 τε
718 968 970 1051 χρυσὸν
1015 968 1373 1052 εἰργάζετο·
1416 963 1584 1051 ἦλθε
1630 966 1692 1033 δ’
1738 965 1988 1053 Ἀθήνη
2294 988 2402 1037 435

381 1070 546 1155 ίρῶν
591 1068 936 1137 ἀντιόωσα.
1025 1071 1240 1158 γέρων
1286 1070 1349 1138 δ’
1403 1073 1731 1158 ἱππηλάτα
1776 1073 2054 1160 Νέστωρ

380 1178 632 1261 χρυσὸν
675 1175 865 1262 ἔδωχ’
884 1197 900 1214 ·
947 1177 983 1244 ὁ
1030 1176 1092 1243 δ’
1144 1181 1366 1244 ἔπειτα
1409 1180 1566 1263 βοὸς
1608 1178 1881 1266 κέρασιν
1923 1183 2269 1266 περίχευεν

380 1283 701 1367 ἀσκήσας,
746 1280 835 1349 ἵν’
888 1284 1147 1368 ἄγαλμα
1189 1285 1319 1350 θεά
1363 1287 1705 1372 κεχάροιτο
1752 1287 2007 1352 ἰδοῦσα.

379 1391 550 1472 βοῦν
594 1386 656 1454 δ’
710 1387 949 1473 ἀγέτην
991 1390 1251 1472 κεράων
1294 1394 1619 1477 Στρατίος
1662 1389 1774 1458 καὶ
1818 1393 1961 1469 δῖος
2000 1389 2352 1477 Ἐχέφρων.

380 1492 651 1579 χέρνιβα
695 1492 776 1560 δέ
815 1491 932 1579 σφ’
967 1493 1244 1579 ’Ἀρητος
1291 1494 1366 1561 ἐν
1412 1495 1808 1581 ἀνθεμόεντι
1853 1496 2076 1582 λέβητι
2292 1514 2400 1564 440

379 1600 636 1683 ἤλυθεν
680 1599 753 1666 ἐκ
795 1600 1128 1685 θαλάμοιο
1174 1599 1431 1687 φέρων,
1478 1600 1664 1689 ἑτέρῃ
1711 1600 1773 1669 δ’
1826 1604 1974 1688 ἔχεν
2019 1603 2223 1681 οὐλὰς
2369 1590 2373 1593 ⁴

381 1704 456 1772 έν
499 1703 730 1794 κανέῳ.
821 1704 1103 1772 πέλεκυν
1149 1702 1224 1773 δὲ
1268 1710 1746 1793 μενεπτόλεμος
1795 1710 2242 1794 Θρασυμήδης

380 1811 541 1891 ὀξὺν
585 1813 754 1896 ἔχων
799 1810 872 1877 έν
915 1810 1086 1898 χειρὶ
1129 1815 1490 1898 παρίστατο
1535 1817 1707 1898 βοῦν
1752 1812 2104 1892 ἐπικόψων.

380 1918 680 2004 Περσεὺς
725 1914 787 1983 δ’
839 1916 1080 2002 ἀμνίον
1124 1913 1274 2004 εἶχε.
1365 1916 1582 2006 γέρων
1627 1916 1689 1986 δ’
1745 1920 2074 2006 ίππηλάτα
2118 1919 2397 2009 Νέστωρ

378 2023 649 2110 χέρνιβά
700 2021 759 2089 τ’
813 2023 1176 2109 οὐλοχύτας
1219 2049 1289 2091 τε
1332 2028 1721 2112 κατήρχετο,
1780 2028 1993 2093 πολλὰ
2038 2025 2100 2093 δ’
2146 2025 2428 2114 Ἀθήνῃ

378 2128 585 2215 εὔχετ’
664 2129 1117 2216 ἀπαρχόμενος
1197 2135 1491 2216 κεφαλῆς
1557 2135 1784 2218 τρίχας
1854 2133 1929 2198 έν
1998 2131 2162 2220 πυρὶ
2240 2135 2399 2218 βάλ-

1226 2241 1380 2301 λων.
2291 2257 2396 2307 446

380 2341 589 2428 αὐτὰρ
636 2341 784 2408 ἐπεί
822 2339 883 2429 ῤ’
936 2342 1209 2422 εὔξαντο
1256 2340 1367 2408 καὶ
1412 2342 1776 2428 οὐλοχύτας
1818 2346 2235 2430 προβάλοντο
2250 2394 2271 2429 ,

379 2447 614 2513 αὐτίκα
658 2447 998 2533 Νέστορος
1041 2448 1188 2524 υίὸς
1230 2446 1620 2533 ὑπέρθυμος
1668 2452 2113 2536 Θρασυμήδης

378 2555 624 2637 ἤλασεν
669 2553 820 2639 ἄγχι
865 2554 1050 2630 στάς·
1093 2552 1369 2631 πέλεκυς
1414 2552 1477 2618 δ’
1529 2554 1817 2633 ἀπέκοψε
1861 2555 2170 2634 τένοντας

378 2659 759 2744 αὐχενίους,
806 2664 1007 2725 λῦσεν
1052 2654 1126 2724 δὲ
1171 2660 1330 2743 βοὸς
1373 2658 1587 2744 μένος.
1678 2662 1754 2727 αί
1792 2660 1853 2728 δ’
1906 2662 2231 2742 ὀλόλυξαν
2291 2678 2399 2729 460

378 2763 742 2850 θυγατέρες
785 2788 855 2830 τε
898 2768 1060 2831 νυοί
1093 2787 1165 2831 τε
1208 2763 1319 2830 καὶ
1364 2767 1584 2850 αἰδοίη
1627 2768 2013 2854 παράκοιτις

381 2869 748 2956 Νέστορος,
793 2869 1136 2956 Εὐρυδίκη
1182 2869 1437 2957 πρέσβα
1480 2870 1857 2957 Κλυμένοιο
1901 2880 2279 2960 θυγατρῶν.

379 2977 454 3043 oc
493 2973 616 3061 μὲν
660 2973 858 3041 ἔπειτ’
911 2975 1256 3053 ἀνελόντες
1300 2976 1428 3042 ἀπὸ
1475 2978 1723 3061 χθονὸς
1765 2978 2150 3065 εὐρυοδείης

380 3084 606 3167 ἔσχον·
653 3080 817 3168 ἀτᾴρ
864 3081 1117 3167 σφάξεν
1163 3085 1640 3169 Πεισίστρατος
1684 3084 1971 3170 ὄρχαμος
2015 3084 2298 3171 ἀνδρῶν.

379 3196 496 3270 τῆς
527 3185 589 3253 δ’
624 3185 766 3253 ἐπεὶ
793 3186 865 3253 ἐκ
891 3185 1098 3271 μέλαν
1125 3179 1284 3273 αἷμα
1312 3188 1463 3273 ῥύη,
1493 3190 1640 3254 λίπε
1668 3186 1733 3255 δ’
1768 3188 1965 3256 ὀστέα
1988 3193 2229 3275 θυμός,
2293 3208 2397 3258 455

381 3288 521 3372 αἶψ’
573 3294 703 3379 ἄρα
747 3317 863 3378 μιν
910 3291 1247 3378 διέχευαν,
1293 3294 1475 3380 ἄφαρ
1521 3292 1585 3360 δ’
1637 3293 1710 3360 ἐκ
1753 3296 1956 3380 μηρία
1999 3297 2253 3381 τάμνον

379 3399 595 3465 πάντα
639 3399 805 3465 κατὰ
848 3409 1124 3485 μοῖραν,
1166 3400 1334 3466 κατά
1375 3423 1447 3466 τε
1481 3402 1677 3486 κνίσῃ
1723 3399 2061 3479 ἐκάλυψαν

382 3506 662 3590 δίπτυχα
704 3506 1128 3590 ποιήσαντες,
1175 3503 1274 3570 ἐπ’
1317 3505 1540 3571 αὐτῶν
1578 3503 1640 3571 δ’
1693 3505 2182 3591 ὠμοθέτησαν.-
