2646 3932
378 169 505 233 162
1133 173 1549 225 ΟΔΤΣΣΕΙΑΣ
1583 175 1649 225 Κ.

374 319 677 399 θυμῆρες
721 315 1084 400 κεράσασα,
1129 317 1293 381 κατὰ
1338 318 1575 401 κρατός
1618 340 1690 382 τε
1733 315 1844 383 καὶ
1890 317 2141 401 ὤμων,’

378 422 560 506 ὄφρα
604 443 719 505 μοι
765 420 837 487 ἐκ
881 422 1176 506 κάματον
1220 425 1676 508 θυμοφθόρον
1721 424 1928 489 εἵλετο
1976 426 2202 507 γυίων.

378 525 588 610 αὐτὰρ
636 523 778 591 ἐπεὶ
822 526 1065 593 λοῦσέν
1108 551 1179 593 τε
1222 526 1336 594 καὶ
1380 532 1639 615 ἔχρισεν
1683 523 1818 594 λίπ’
1870 529 2096 618 ἐλαίῳ,

378 630 550 717 ἀμφὶ
597 631 676 698 δέ
715 645 817 718 με·
840 638 1119 718 χλαῖναν
1162 634 1375 717 καλὴν
1420 634 1622 718 βάλεν
1665 631 1784 718 ἠδὲ
1830 646 2104 718 χιτῶνα,
2292 650 2399 701 365

377 730 513 803 εἷσε
562 737 641 803 δέ
680 732 751 822 μ’
801 741 1249 822 εἰσαγαγοῦσα
1293 738 1400 804 ἐπὶ
1444 743 1704 826 θρόνου
1750 740 2173 828 ἀργυροήλου

375 849 586 910 καλοῦ
633 844 1020 929 δαιδαλέου,
1066 845 1197 911 ὑπὸ
1245 843 1319 912 δὲ
1364 852 1624 933 θρῆνυς
1668 846 1868 913 ποσὶν
1912 843 2048 932 ἦεν.

381 949 686 1035 [χέρνιβα
733 946 796 1017 δ’
847 951 1221 1037 ἀμφίπολος
1264 954 1529 1041 προχόῳ
1576 953 1839 1039 ἐπέχευε
1886 953 2186 1040 φέρουσα

375 1061 545 1142 καλῇ
591 1061 865 1143 χρυσείῃ
920 1054 1086 1143 ὑπὲρ
1134 1057 1487 1143 ἀργυρέοιο
1535 1059 1836 1144 λέβητος,

377 1164 735 1239 νίψασθαι·
782 1165 961 1249 παρὰ
1010 1160 1085 1229 δὲ
1132 1163 1367 1247 ξεστὴν
1413 1164 1730 1231 ἐτάνυσσε
1773 1168 2113 1252 τράπεζαν.
2293 1184 2402 1233 370

379 1278 567 1334 σῖτον
614 1264 677 1334 δ’
727 1271 946 1353 αἰδοίη
994 1273 1190 1354 ταμίη
1236 1269 1573 1358 παρέθηκε
1619 1271 1947 1358 φέρουσα,

378 1375 607 1440 εἴδατα
651 1371 841 1441 πόλλ’
893 1374 1199 1441 ἐπιθεῖσα
1243 1375 1636 1463 χαριζομένη
1682 1381 2064 1465 παρεόντων
2076 1382 2118 1461 ·]

378 1477 731 1569 ἐσθέμεναι
778 1477 839 1546 δ’
890 1480 1216 1548 ἐκέλευεν·
1263 1480 1396 1570 ἐμῳ
1445 1477 1508 1549 δ’
1560 1483 1682 1567 οὐχ
1727 1485 1975 1568 ἥνδανε
2019 1491 2248 1573 θυμῷ,

379 1581 523 1650 ἀλλ’
573 1586 750 1671 ’ἥμην
796 1588 956 1653 ἄλλο
1004 1586 1343 1674 φρονέων,
1388 1591 1556 1655 κακὰ
1603 1585 1665 1655 δ’
1718 1591 1949 1657 ὄσσετο
1994 1594 2229 1675 θυμός.

466 1694 681 1779 Κίρκη
721 1688 782 1758 δ’
825 1693 914 1771 ὡς
951 1692 1226 1778 ἐνόησεν
1263 1689 1364 1779 ἔμ’
1414 1695 1662 1780 ἥμενον
1710 1691 1857 1762 οὐδ’
1911 1694 2017 1761 ἐπὶ
2063 1700 2219 1784 σίτῳ
2292 1713 2397 1763 375

378 1811 602 1885 χεῖρας
650 1801 990 1885 ἰάλλοντα,
1036 1803 1361 1888 κρατερὸν
1409 1801 1489 1867 δέ
1528 1826 1608 1886 με
1653 1802 1907 1880 πένθος
1952 1806 2209 1887 ἔχοντα,

380 1906 531 1991 ἄγχι
574 1906 1021 1993 παρισταμένη
1068 1910 1225 1974 ἔπεα
1269 1911 1625 1996 πτερόεντα
1671 1910 2045 1995 προσηύδα·

382 2007 593 2098 ,τίφθ’
644 2013 884 2098 οὕτως,
925 2009 1230 2098 Ὀδυσεῦ,
1276 2010 1420 2080 κατ’
1472 2009 1579 2102 ἄρ’
1630 2014 1798 2094 ἕζεαι
1847 2011 1988 2093 ἶσος
2032 2015 2331 2104 ἀναύδῳ,

380 2120 607 2203 θυμὸν
652 2121 855 2203 ἔδων,
902 2119 1170 2205 βρώμης
1217 2115 1279 2185 δ’
1332 2121 1452 2205 οὐχ
1500 2121 1731 2186 ἅπτεαι
1779 2117 1938 2186 οὐδὲ
1981 2129 2291 2204 ποτῆτος;

381 2219 422 2307 ἧ
469 2225 619 2290 τινά
664 2246 797 2290 που
844 2227 1048 2291 δόλον
1094 2226 1300 2290 ἄλλον
1346 2225 1541 2291 ὀίεαι·
1588 2225 1753 2291 οὐδέ
1792 2229 1863 2291 τί
1902 2242 1977 2291 σε
2020 2226 2145 2312 χρὴ
2296 2246 2440 2295 380-
2514 2221 2518 2225 ’

385 2332 705 2415 δειδίμεν·
749 2332 884 2415 ἤδη,
923 2332 1051 2418 γάρ
1096 2354 1201 2396 τοι
1247 2330 1568 2416 ἀπώμοσα
1613 2334 1935 2418 καρτερὸν
1980 2333 2225 2419 ὅρκονὲ

473 2432 561 2513 ὧς
606 2432 820 2523 ἔφατ’,
867 2437 1075 2524 αὐτὰρ
1122 2436 1250 2520 ἐγώ
1297 2461 1414 2523 μιν
1460 2437 1891 2523 ἀμειβόμενος
1934 2439 2358 2526 προσέειπον·

384 2538 459 2626 ,ὦ
505 2546 750 2630 Κίρκη,
795 2546 895 2621 τίς
937 2545 1064 2630 γάρ
1109 2567 1225 2609 κεν
1271 2543 1472 2631 ἀνήρ,
1520 2543 1592 2622 ὃς
1637 2543 1974 2630 ἐναίσιμος
2019 2553 2152 2631 εἴη,

382 2647 542 2735 πρὶν
586 2653 774 2734 τλαίη
820 2651 1206 2715 πάσσασθαι
1252 2650 1527 2735 ἐδητύος
1570 2648 1690 2735 ἠδὲ
1735 2660 2046 2736 ποτῆτος,

383 2754 543 2841 πρὶν
581 2749 867 2822 λύσασθ’
910 2755 1185 2843 ἑτάρους
1219 2755 1332 2822 καὶ
1369 2756 1442 2823 ἐν
1479 2757 1934 2843 ὀφθαλμοῖσιν
1972 2759 2264 2838 ίδέσθαι;
2297 2776 2401 2825 385

386 2856 530 2927 ἀλλ’
581 2863 645 2927 εἰ
686 2863 769 2945 δὴ
815 2864 1216 2949 πρόφρασσα
1259 2873 1438 2928 πιεῖν
1483 2861 1778 2948 φαγέμεν
1820 2888 1891 2931 τε
1935 2867 2251 2948 κελεύεις,

385 2973 624 3051 λῦσον,
672 2962 760 3033 ἵν’
811 2967 1267 3052 ὀφθαλμοῖσιν
1318 2970 1439 3034 ἴδω
1487 2968 1753 3056 ἐρίηρας
1797 2968 2139 3057 ἕταίρουςὲ

474 3068 563 3150 ὧς
608 3071 900 3158 ἐφάμην,
947 3077 1161 3159 Κίρκη
1209 3070 1282 3139 δὲ
1330 3070 1472 3140 διὲκ
1518 3076 1832 3162 μεγάροιο
1878 3079 2185 3162 βεβήκειν

385 3180 639 3265 ῥάβδον
683 3173 903 3263 ἔχουσ’
954 3178 1029 3244 ἐν
1072 3182 1272 3266 χειρί,
1316 3180 1536 3265 θύρας
1582 3175 1644 3244 δ’
1696 3179 1939 3270 ἀνέῳξε
1984 3190 2298 3268 συφειοῦ,

386 3285 458 3351 ἐκ
505 3281 566 3351 δ’
617 3289 850 3352 ἔλασεν
896 3286 1226 3352 σιάλοισιν
1272 3283 1568 3363 ἐοικότας
1612 3285 2056 3374 ἐννεώροισιν.
2299 3303 2407 3378 399

387 3393 459 3459 οἱ
498 3388 621 3477 μὲν
666 3386 865 3457 ἔπειτ’
916 3393 1201 3476 ἔστησαν
1246 3390 1568 3477 ἐναντίοι,
1612 3392 1654 3476 ἡ
1703 3390 1776 3459 δὲ
1823 3389 1913 3459 δι’
1964 3393 2184 3459 αὐτῶν

386 3496 706 3586 ἐρχομένη
751 3498 1200 3585 προσάλειφεν
1247 3496 1495 3588 ἑκάστῳ
1544 3499 1897 3585 φάρμακον
1944 3499 2131 3565 ἄλλο·
