2646 3932
989 155 1401 208 οΔΤΣΣΕΙΑΣ
1438 159 1530 211 1v.
2184 158 2273 221 73

255 294 502 380 ἱέμενοι
547 306 799 362 κτεῖναι
841 294 1001 383 πρὶν
1044 300 1330 383 πατρίδα
1375 310 1574 382 γαῖαν
1620 299 1950 365 ίκέσθαι.“

338 403 462 485 τὴν
508 399 569 467 δ’
623 402 1152 487 ἀπαμειβόμενον
1196 404 1499 491 προσέφη
1548 407 1829 472 εἴδωλον
1875 406 2206 493 ἀμαυρόν·

253 509 566 593 ,,θάρσει,
614 506 785 591 μηδέ
824 531 888 572 τι
931 509 1150 593 πάγχυ
1194 511 1356 595 μετὰ
1400 509 1600 595 φρεσὶ
1645 512 1896 577 δείδιθι
1941 516 2120 596 λίην·
2167 530 2273 578 825

252 616 396 698 τοίη
441 615 569 700 γάρ
618 613 689 680 oc
726 616 985 699 πομπὸς
1030 613 1141 699 ἅμ’
1194 618 1482 701 ἔρχεται,
1528 617 1615 700 ἥν
1658 640 1728 683 τε
1773 616 1884 683 καὶ
1928 620 2119 684 ἄλλοι

254 718 480 804 ἀνέρες
523 719 859 805 ἠρήσαντο
905 721 1421 806 παρεστάμεναι,
1470 722 1747 787 δύναται
1793 724 1953 807 γάρ,

254 825 524 900 Παλλὰς
563 823 912 909 Ἀθηναίη·
973 821 1048 891 σε
1094 823 1155 891 δ’
1209 826 1627 913 ὀδυρομένην
1672 827 1979 914 ἐλεαίρει·

252 931 292 1013 ἣ
339 939 468 995 νῦν
511 954 590 1015 με
634 930 914 1018 προέηκε
957 934 1098 997 τεῒν
1143 933 1299 998 τάδε
1346 935 1849 1017 μυθήσασθαι.“

252 1038 374 1120 τὴν
420 1034 481 1100 δ’
535 1030 690 1102 αὖτε
735 1036 1084 1123 προσέειπε
1128 1042 1475 1123 περίφρων
1522 1042 1968 1123 Πηνελόπεια·
2168 1058 2276 1106 830

253 1144 362 1225 „el
401 1138 522 1226 μὲν
569 1143 652 1225 δὴ
697 1145 858 1220 θεός
905 1144 1049 1209 ἐσσι
1091 1147 1284 1210 θεοῖό
1331 1166 1400 1209 τε
1447 1147 1672 1222 ἔκλυες
1716 1145 1955 1229 αὐδῆς,

252 1249 317 1313 εί
358 1245 419 1311 δ’
473 1249 590 1329 ἄγε
636 1271 750 1332 μοι
792 1247 903 1313 καὶ
947 1259 1172 1314 κεῖνον
1218 1248 1486 1334 ὀιζυρὸν
1529 1251 1915 1334 κατάλεξον,

251 1354 294 1436 ἤ
339 1375 472 1419 που
517 1356 613 1418 ἔτι
662 1355 807 1433 ζώει
850 1352 962 1420 καὶ
1008 1354 1132 1442 ὁρᾷ
1179 1357 1352 1440 φάος
1396 1356 1677 1440 ἠελίοιο,

250 1454 292 1543 ἦ
339 1460 468 1543 ἤδη
514 1458 796 1543 τέθνηκε
841 1457 952 1525 καὶ
998 1462 1099 1526 εἰν
1138 1457 1362 1528 Ἀίδαο
1411 1463 1781 1547 δόμοισιν.“

339 1566 462 1648 τὴν
499 1563 566 1629 δ’
602 1565 1131 1651 ἀπαμειβόμενον
1146 1564 1460 1651 προσέφη
1490 1568 1773 1632 εἴδωλον
1801 1568 2129 1656 ἀμαυρόν·
2166 1587 2273 1635 535

253 1672 380 1755 ,,οὐ
426 1670 548 1756 μέν
592 1694 697 1737 τοι
740 1675 964 1738 κεῖνόν
1007 1696 1082 1755 γε
1129 1671 1481 1756 διηνεκέως
1525 1672 1898 1758 ἀγορεύσω,

254 1778 400 1857 ζώει
445 1778 482 1843 ὅ
527 1773 590 1860 γ’
642 1772 683 1861 ἦ
731 1776 1040 1861 τέθνηκε·
1102 1779 1307 1844 κακὸν
1353 1776 1415 1843 δ’
1470 1778 1801 1863 ἀνεμώλια
1847 1780 2129 1862 βάζεινέ·

342 1879 430 1961 ώς
474 1885 663 1949 εἰπὸν
708 1889 1035 1969 σταθμοῖο
1080 1885 1258 1971 παρὰ
1300 1886 1540 1968 κληῖδα
1585 1886 1832 1969 λιάσθη

254 1990 319 2067 ἐς
362 1993 597 2068 πνοιὰς
643 1990 920 2075 ἀνέμων.
1010 1990 1052 2074 ἡ
1102 1988 1164 2055 δ’
1218 1990 1283 2068 ἐξ
1328 1991 1548 2056 ὕπνου
1593 1991 1963 2079 ἀνόρουσεν

251 2098 460 2183 κούρη
501 2095 835 2182 Ἰκαρίοιο·
899 2099 1102 2181 φίλον
1150 2095 1227 2161 δέ
1269 2097 1340 2162 οἱ
1380 2091 1541 2183 ἦτορ
1590 2098 1827 2181 ἰάνθη,
2167 2115 2274 2164 840

253 2204 342 2279 ὥς
387 2203 459 2268 oc
498 2198 766 2289 ἐναργὲς
812 2204 1078 2288 ὄνειρον
1123 2200 1442 2268 ἐπέσσυτο
1487 2203 1726 2279 νυκτὸς
1771 2202 2054 2290 ἀμολγῷ.

341 2317 708 2393 μνηστῆρες
755 2306 818 2372 δ’
874 2307 1236 2390 ἀναβάντες
1282 2307 1600 2373 ἐπέπλεον
1645 2308 1818 2394 ὑγρὰ
1861 2307 2147 2374 κέλευθα

262 2415 616 2502 Τηλεμάχῳ
662 2416 880 2498 φόνον
928 2416 1129 2479 αἰπὺν
1174 2412 1275 2479 ἐνὶ
1322 2411 1565 2499 φρεσὶν
1610 2412 2052 2499 ὁρμαίνοντες.

253 2523 391 2585 ἔστι
438 2519 517 2585 δέ
557 2544 654 2596 τις
698 2527 901 2603 νῆσος
947 2518 1154 2604 μέσσῃ
1201 2518 1311 2585 ἁλὶ
1357 2522 1757 2605 πετρήεσσα,

253 2629 586 2710 μεσσηγὺς
625 2621 887 2709 Ἰθάκης
930 2649 999 2691 τε
1045 2625 1304 2710 Σάμοιό
1350 2649 1419 2690 τε
1464 2623 1982 2708 παιπαλοέσσης,
2168 2642 2272 2692 845

250 2725 567 2817 Ἀστερίς,
615 2731 697 2797 οὐ
741 2732 1019 2815 μεγάλη·
1083 2730 1342 2816 λιμένες
1388 2726 1450 2797 δ’
1501 2734 1601 2796 ἔνι
1644 2732 1960 2816 ναύλοχοι
2007 2730 2173 2817 αὐτῇ

254 2837 654 2923 ἀμφίδυμοι·
718 2847 798 2923 τῇ
843 2839 962 2903 τόν
1007 2860 1080 2920 γε
1127 2836 1330 2922 μένον
1376 2840 1738 2921 λοχόωντες
1779 2833 2040 2922 Ἀχαιοί.
