2646 3932
357 154 485 220 138
1118 157 1534 208 oArzzmAz
1570 159 1612 210 L

351 298 560 363 αὐτοῦ
606 300 739 384 πὰρ
785 301 906 382 νηί
943 321 1013 364 τε
1059 297 1288 384 μένειν
1331 297 1443 364 καὶ
1486 308 1616 382 νῆα
1662 302 1975 385 ἔρυσθαι,

352 403 562 489 αὐτὰρ
609 403 735 486 ἐγὼ
781 406 1012 489 κρίνας
1057 402 1309 489 ἑτάρων
1356 402 1729 470 δυοκαίδεκ’
1784 405 2095 492 ἀρίστους
2271 423 2371 472 195

351 513 507 593 βῆν·
555 509 719 595 ἀτὰρ
765 516 992 592 αίγεον
1036 509 1241 575 ἀσκὸν
1287 512 1441 594 ἔχον
1486 509 1767 595 μέλανος
1811 517 2024 578 οἴνοιο

353 614 577 699 ἡδέος,
624 616 704 681 ὅν
748 639 862 701 μοι
907 616 1109 681 ἔδωκε
1153 617 1416 701 Μάρων
1464 613 1823 695 Ἑυάνθεος
1866 619 2041 701 υἱός,

355 723 537 808 ίρεῦς
575 719 1014 804 Ἀπόλλωνος,
1060 720 1135 798 ὃς
1162 720 1481 807 Ἴσμαρον
1526 722 2033 808 ἀμφιβεβήκειν,

353 827 598 893 οὕνεκά
643 851 757 911 μιν
804 830 931 893 σὺν
976 824 1166 892 παιδὶ
1210 826 1637 914 περισχόμεθ’
1689 826 1806 912 ἠδὲ
1851 827 2118 912 γυναικὶ

354 931 685 1017 ἁζόμενοι·
733 931 889 1020 ᾤκει
932 933 1061 1018 γὰρ
1106 931 1180 998 ἐν
1227 933 1418 998 ἄλσει·
1459 935 1844 1020 δενδρήεντι
2269 951 2374 1001 200

362 1041 620 1122 Φοίβου
660 1035 1085 1115 Ἀπόλλωνος.
1135 1038 1171 1104 ὁ
1219 1037 1299 1104 δέ
1340 1063 1452 1123 μοι
1496 1043 1700 1126 πόρεν
1746 1040 1959 1123 ἀγλαὰ
2004 1042 2213 1126 δῶρα·

356 1154 612 1231 χρυσοῦ
657 1144 779 1229 μέν
825 1167 940 1228 μοι
986 1141 1178 1210 ἔδωκ’
1233 1144 1534 1230 ἐυεργέος
1580 1145 1739 1211 ἑπτὰ
1784 1147 2099 1230 τάλαντα,

358 1252 527 1317 δῶκε
575 1249 654 1316 δέ
694 1273 808 1334 μοι
852 1259 1145 1336 κρητῆρα
1190 1253 1654 1338 πανάργυρον,
1697 1251 1907 1338 αὐτὰρ
1953 1255 2171 1318 ἔπειτα

357 1351 548 1422 οἶνον
595 1355 667 1421 ἐν
713 1356 1168 1443 ἀμφιφορεῦσι
1215 1358 1515 1423 δυώδεκα
1559 1367 1762 1423 πᾶσιν
1808 1358 2112 1443 ἀφύσσας

356 1461 529 1545 ἡδὺν
575 1461 966 1547 ἀκηράσιον,
1012 1469 1207 1529 θεῖον
1252 1466 1485 1529 ποτόν·
1531 1463 1696 1529 οὐδέ
1735 1488 1835 1541 τις
1879 1465 2083 1530 αὐτὸν
2270 1481 2375 1530 205

358 1567 546 1652 ἠείδη
596 1568 835 1652 δμώων
882 1566 1026 1634 οὐδ’
1081 1568 1478 1654 ἀμφιπόλων
1522 1569 1624 1636 ἐνὶ
1670 1575 1862 1659 οἴκῳ,

356 1671 501 1739 ἀλλ’
555 1674 751 1751 αὐτὸς
797 1675 1033 1758 ἄλοχός
1076 1698 1146 1741 τε
1192 1679 1354 1760 φίλη
1401 1679 1595 1761 ταμίη
1640 1699 1709 1742 τε
1755 1673 1851 1761 μί’
1902 1682 2028 1760 οἴη.

316 1751 375 1827 s
358 1782 477 1846 τὸν
526 1777 586 1845 δ’
640 1779 746 1845 ὅτε
792 1783 1053 1846 πίνοιεν
1098 1779 1408 1865 μελιηδέα
1453 1777 1642 1848 οἶνον
1689 1781 2012 1868 ἐρυθρόν,

356 1887 434 1953 ἓν
479 1885 681 1964 δέπας
727 1886 1057 1972 ἐμπλήσας
1100 1888 1343 1964 ὕδατος
1388 1887 1514 1953 ἀνὰ
1559 1893 1768 1953 εἴκοσι
1812 1886 2015 1975 μέτρα

359 1991 528 2079 χεῦ’,
574 1994 744 2079 ὀδμὴ
794 1991 854 2059 δ’
906 1995 1097 2078 ἡδεῖα
1143 1994 1270 2059 ἀπὸ
1316 2003 1642 2080 κρητῆρος
1686 1994 1968 2060 ὀδώδειν
2271 2012 2375 2080 ,210

359 2103 712 2184 θεσπεσίη·
757 2098 890 2165 τότ’
945 2099 1029 2166 ἂν
1072 2102 1155 2165 οὔ
1199 2123 1302 2165 τοι
1350 2099 1760 2185 ἀποσχέσθαι
1806 2103 2008 2185 φίλον
2052 2097 2185 2185 ἦεν.

358 2216 479 2272 τοῦ
525 2204 735 2291 φέρον
779 2205 1111 2290 ἐμπλήσας
1157 2205 1363 2272 ἀσκὸν
1408 2205 1647 2291 μέγαν,
1694 2206 1766 2272 ἐν
1813 2203 1886 2272 δὲ
1930 2205 2042 2272 καὶ
2085 2199 2171 2293 ᾖα

360 2314 662 2400 κωρύκῳ·
710 2312 942 2378 αὐτίκα
986 2313 1114 2397 γάρ
1159 2335 1272 2396 μοι
1318 2312 1545 2377 ὀίσατο
1589 2314 1808 2396 θυμὸς
1853 2312 2117 2397 ἀγήνωρ

359 2416 550 2505 ἄνδρ’
604 2418 1076 2484 ἐπελεύσεσθαι
1121 2419 1413 2502 μεγάλην
1456 2417 1828 2503 ἐπιειμένον
1873 2418 2109 2502 ἀλκήν,

361 2526 628 2611 ἄγριον,
675 2524 827 2589 οὔτε
876 2524 1061 2599 δίκας
1105 2522 1182 2589 ἐὺ
1228 2526 1450 2589 εἰδότα
1496 2525 1649 2590 οὔτε
1693 2523 2028 2609 θέμιστας.
2045 2579 2102 2634 s
2269 2542 2373 2591 215

448 2632 871 2715 καρπαλίμως
910 2626 970 2693 δ’
1008 2631 1101 2706 εἰς
1138 2630 1384 2716 ἄντρον
1414 2627 1798 2715 ἀφικόμεθ’,
1835 2630 2000 2696 οὐδέ
2035 2655 2149 2715 μιν
2177 2632 2376 2697 ἔνδον

360 2737 675 2823 εὕρομεν,
724 2733 865 2801 ἀλλ’
920 2735 1191 2820 ἐνόμευε
1234 2737 1447 2821 νομὸν
1491 2738 1655 2802 κάτα
1698 2739 1899 2803 πίονα
1944 2742 2134 2821 μῆλα.

361 2841 672 2919 ἐλθόντες
720 2839 778 2907 δ’
832 2844 927 2920 εἰς
972 2843 1217 2928 ἄντρον
1263 2841 1687 2927 ἐθηεύμεσθα
1730 2841 1985 2908 ἕκαστα.

363 2947 596 3035 ταρσοὶ
641 2945 763 3033 μὲν
807 2959 1028 3034 τυρῶν
1073 2951 1350 3033 βρῖθον,
1398 2952 1735 3014 στείνοντο
1782 2945 1856 3014 δὲ
1902 2947 2094 3034 σηκοὶ

363 3054 586 3141 ἀρνῶν
632 3051 737 3138 ἡδ’
793 3055 1070 3141 ἐρίφων·
1119 3053 1608 3140 διακεκριμέναι
1654 3050 1728 3119 δὲ
1771 3053 2039 3120 ἕκασται
2271 3071 2375 3121 220

364 3164 628 3248 ἔρχατο,
673 3159 872 3247 χωρὶς
916 3157 1037 3245 μὲν
1084 3163 1435 3246 πρόγονοι,
1479 3158 1681 3246 χωρὶς
1726 3157 1799 3225 δὲ
1844 3158 2187 3244 μέτασσαι,

364 3265 564 3354 χωρὶς
610 3264 668 3332 δ’
723 3262 881 3332 αὖθ’
935 3266 1138 3352 ἕρσαι.
1210 3278 1407 3332 ναῖον
1455 3263 1515 3331 δ’
1572 3266 1704 3355 ὀρῷ
1752 3267 1955 3349 ἄγγεα
1998 3267 2241 3350 πάντα,

361 3376 608 3457 γαυλοί
645 3396 715 3439 τε
762 3374 1079 3457 σκαφίδες
1122 3396 1224 3455 τε,
1269 3369 1661 3456 τετυγμένα,
1707 3381 1847 3450 τοῖς
1891 3371 2261 3457 ἐνάμελγεν.

360 3476 507 3544 ἔνθ’
562 3475 673 3563 ἐμὲ
719 3475 840 3564 μὲν
885 3475 1210 3563 πρώτισθ’
1263 3477 1485 3563 ἕταροι
1530 3475 1820 3543 λίσσοντ’
1874 3477 2173 3544 ἐπέεσσιν
