2646 3932
1018 187 1434 239 οΔΤΣΣΕΙΑΣ
1469 190 1589 240 xn.
2180 189 2306 253 203

295 324 434 392 ἀλλ’
488 327 594 393 ὅτε
643 329 725 412 δὴ
772 328 1061 412 ἕβδομον
1104 323 1281 416 ἦμαρ
1330 326 1437 395 ἐπὶ
1484 333 1653 408 Ζεὺς
1695 337 1864 414 θῆκε
1909 334 2249 417 Κρονίων,

292 431 401 497 καὶ
435 432 569 499 τότ’
616 432 810 500 ἔπειτ’
854 435 1095 518 ἄνεμος
1130 430 1252 519 μὲν
1280 434 1608 502 ἐπαύσατο
1639 440 1907 502 λαίλαπι
1932 438 2157 520 θύων,
2203 455 2306 504 400

291 539 477 624 ἡμεῖς
522 538 584 606 δ’
636 535 777 618 αἶψ’
830 540 1191 624 ἀναβάντες
1236 540 1561 626 ἐνήκαμεν
1606 542 1784 628 εὐρέι
1827 545 2079 631 πόντῳ,

294 646 479 711 ἱστὸν
525 647 922 730 στησάμενοι
969 645 1096 711 ἀνά
1139 644 1212 711 θ’
1268 647 1443 712 ἱστία
1488 645 1666 712 λεύκ’
1720 647 2089 733 ἐρύσαντες.

293 749 435 817 ἀλλ’
488 751 596 817 ὅτε
643 753 726 835 δὴ
772 753 896 835 τὴν
939 761 1151 836 νῆσον
1197 752 1571 837 ἐλείπομεν,
1619 753 1785 819 οὐδέ
1822 778 1921 831 τις
1966 755 2130 837 ἄλλη

294 859 567 942 φαίνετο
612 859 867 941 γαιάων
885 907 904 940 ,
952 852 1095 923 ἀλλ’
1147 858 1434 944 οὐρανὸς
1477 855 1597 942 ήδὲ
1640 860 1979 942 θάλασσα,

293 964 377 1046 δὴ
422 965 571 1029 τότε
614 962 904 1046 κυανέην
948 962 1237 1048 νεφέλην
1283 966 1514 1048 ἔστησε
1561 966 1874 1050 Κρονίων
2204 980 2307 1029 405

292 1070 451 1151 νηὸς
495 1067 663 1153 ὕπερ
708 1072 1083 1154 γλαφυρῆς,
1128 1071 1373 1154 ἤχλυσε
1422 1065 1495 1134 δὲ
1540 1072 1781 1148 πόντος
1825 1067 1937 1134 ὑπ’
1992 1068 2209 1151 αὐτῆς.

289 1173 332 1257 ἡ
373 1168 434 1239 δ’
476 1175 620 1238 ἔθει
658 1172 740 1239 οὔ
775 1174 948 1257 μάλα
983 1176 1233 1239 πολλὸν
1270 1173 1377 1239 ἐπὶ
1415 1178 1688 1260 χρόνον·
1735 1170 1899 1253 αἶψα
1935 1176 2061 1259 γὰρ
2098 1170 2308 1257 ἦλθεν

290 1279 621 1363 κεκληγὼς
668 1277 972 1364 Ζέφυρος
1015 1280 1264 1364 μεγάλῃ
1313 1282 1440 1344 σὺν
1487 1284 1752 1345 λαίλαπι
1795 1281 2019 1362 θύων,

294 1385 481 1449 ἱστοῦ
529 1379 603 1449 δὲ
647 1386 1015 1469 προτόνους
1060 1382 1275 1470 ἔρρηξ’
1330 1383 1597 1469 ἀνέμοιο
1641 1387 1896 1451 θύελλα

294 1488 738 1576 ἀμφοτέρους·
786 1489 963 1566 ἱστὸς
1008 1487 1069 1554 δ’
1115 1490 1322 1555 ὀπίσω
1361 1489 1589 1573 πέσεν,
1637 1490 1805 1556 ὅπλα
1839 1514 1909 1556 τε
1944 1491 2158 1555 πάντα
2204 1508 2308 1557 410

293 1598 387 1674 εἰς
434 1597 676 1660 ἄντλον
718 1594 1097 1680 κατέχυνθ’.
1189 1595 1225 1662 ὁ
1273 1594 1336 1661 δ’
1391 1598 1518 1681 ἄρα
1562 1605 1828 1683 πρυμνῇ
1876 1596 1976 1662 ἐνὶ
2021 1595 2133 1680 νηὶ

291 1701 493 1786 πλῆξε
536 1704 949 1788 κυβερνήτεω
995 1704 1323 1787 κεφαλήν,
1372 1705 1499 1767 σὺν
1546 1700 1606 1767 δ’
1660 1701 1832 1767 ὀστέ’
1886 1701 2125 1788 ἄραξεν

291 1804 484 1873 πάντ’
539 1808 778 1891 ἄμυδις
821 1811 1136 1892 κεφαλῆς·
1183 1807 1219 1874 ὁ
1268 1803 1331 1872 δ’
1384 1805 1487 1893 ἄρ’
1540 1807 1893 1892 ἀρνευτῆρι
1940 1808 2167 1885 ἐοικὼς

291 1910 569 1979 κάππεσ’
614 1910 723 1977 ἀπ’
779 1913 1103 1998 ἰκριόφιν,
1152 1916 1297 1981 λίπε
1346 1911 1406 1980 δ’
1459 1913 1654 1980 ὀστέα
1695 1915 1914 1999 θυμὸς
1961 1915 2244 2000 ἀγήνωρ.

296 2024 463 2098 Ζεὺς
502 2017 563 2084 δ’
608 2020 847 2103 ἄμυδις
882 2022 1206 2106 βρόντησε
1240 2019 1353 2086 καὶ
1391 2022 1629 2105 ἔμβαλε
1665 2020 1778 2105 νηὶ
1814 2025 2166 2106 κεραυνόν·
2206 2039 2309 2087 415

292 2127 332 2211 ἡ
382 2122 443 2192 δ’
497 2124 803 2209 ἐλελίχθη
848 2135 1026 2190 πᾶσα
1079 2127 1246 2203 Διὸς
1289 2131 1612 2209 πληγεῖσα
1656 2137 1985 2215 κεραυνῷ,

294 2232 368 2298 ἐν
414 2228 489 2298 δὲ
533 2234 764 2296 θεείου
809 2236 1046 2315 πλῆτο,
1092 2229 1298 2298 πέσον
1347 2226 1406 2296 δ’
1458 2231 1531 2297 ἐκ
1573 2234 1733 2316 νηὸς
1779 2230 2043 2319 ἑταῖροι.

299 2339 370 2403 οἰ
411 2335 483 2404 δὲ
528 2337 904 2422 κορώνῃσιν
951 2342 1156 2403 ἴκελοι
1200 2336 1352 2422 περὶ
1396 2345 1525 2420 νῆα
1570 2337 1887 2421 μέλαιναν

296 2445 583 2527 κύμασιν
628 2440 1065 2529 ἐμφορέοντο,
1109 2444 1270 2520 θεὸς
1316 2438 1379 2508 δ’
1431 2443 1790 2509 ἀποαίνυτο
1834 2446 2094 2510 νόστον.

385 2549 594 2634 αὐτὰρ
641 2548 768 2632 ἐγὼ
816 2549 926 2613 διὰ
971 2550 1131 2632 νηὸς
1169 2547 1487 2633 ἐφοίτων,
1535 2547 1689 2633 ὄφρ’
1735 2548 1861 2615 ἀπὸ
1897 2552 2161 2634 τοίχους
2206 2568 2309 2616 420

299 2657 457 2719 λῦσε
502 2653 768 2719 κλύδων
811 2656 1109 2739 τρόπιος,
1155 2655 1279 2738 τὴν
1327 2650 1400 2720 δὲ
1444 2654 1649 2736 ψιλὴν
1696 2652 1857 2740 φέρε
1900 2665 2105 2739 κῦμα,

300 2758 370 2822 ἐκ
415 2758 495 2824 δέ
534 2759 607 2825 οἱ
648 2759 832 2824 ἰστὸν
876 2759 1071 2845 ἄραξε
1117 2758 1268 2824 ποτὶ
1311 2762 1564 2844 τρόπιν.
1656 2760 1863 2846 αὐτὰρ
1912 2755 2011 2825 ἐπ’
2062 2761 2238 2850 αὐτῷ

301 2863 598 2943 ἐπίτονος
642 2864 951 2948 βέβλητο,
997 2866 1153 2948 βοὸς
1198 2865 1413 2950 ῥινοῖο
1458 2866 1798 2949 τετευχώς·

300 2975 388 3053 τῷ
436 2965 499 3054 ῤ’
552 2971 749 3056 ἄμφω
797 2970 1184 3055 συνέεργον,
1231 2969 1401 3055 ὁμοῦ
1445 2972 1679 3057 τρόπιν
1723 2967 1842 3054 ἠδὲ
1886 2971 1996 3037 καὶ
2044 2975 2255 3057 ἱστόν,

302 3068 599 3154 ἑζόμενος
645 3071 706 3142 δ’
758 3074 864 3142 ἐπὶ
907 3086 1047 3153 τοῖς
1091 3078 1393 3161 φερόμην
1438 3076 1657 3154 ὀλοοῖς
1702 3076 2060 3161 ἀνέμοισιν.
2205 3097 2308 3145 425

391 3176 534 3240 ἔνθ’
584 3177 625 3263 ἧ
670 3206 773 3249 τοι
821 3181 1125 3267 Ζέφυρος
1168 3179 1289 3266 μὲν
1336 3182 1663 3248 ἐπαύσατο
1710 3186 1977 3248 λαίλαπι
2020 3186 2242 3268 θύων,

303 3273 469 3360 ἦλθε
516 3281 576 3347 δ’
629 3285 733 3351 ἐπὶ
778 3291 997 3365 Νότος
1043 3284 1207 3371 ὦκα,
1255 3287 1481 3374 φέρων
1526 3288 1659 3376 ἐμῷ
1704 3289 1905 3371 ἄλγεα
1948 3295 2175 3379 θυμῷ,

306 3383 458 3468 ὄφρ’
510 3390 601 3454 ἔτι
644 3394 767 3476 τὴν
814 3394 1015 3477 ὀλοὴν
1062 3393 1575 3480 ἀναμετρήσαιμι
1621 3395 1981 3479 Χάρυβδιν.

306 3493 661 3576 παννύχιος
707 3501 1035 3584 φερόμην,
1083 3501 1215 3584 ἄμα
1262 3498 1321 3565 δ’
1374 3501 1570 3589 ἠελίςο
1618 3500 1872 3565 ἀνιόντι
