<?xml version="1.0" encoding="UTF-8"?>
<!DOCTYPE html PUBLIC "-//W3C//DTD XHTML 1.0 Transitional//EN"
    "http://www.w3.org/TR/xhtml1/DTD/xhtml1-transitional.dtd">
<html xmlns="http://www.w3.org/1999/xhtml" xml:lang="en" lang="en">
 <head>
  <title>
</title>
<meta http-equiv="Content-Type" content="text/html;charset=utf-8" />
  <meta name='ocr-system' content='tesseract 3.04.00' />
  <meta name='ocr-capabilities' content='ocr_page ocr_carea ocr_par ocr_line ocrx_word'/>
</head>
<body>
  <div class='ocr_page' id='page_1' title='image "./homeriodyssea00wolfgoog_0068.png"; bbox 0 0 2646 3932; ppageno 0'>
   <div class='ocr_carea' id='block_1_1' title="bbox 368 171 1630 236">
    <p class='ocr_par' dir='ltr' id='par_1_1' title="bbox 368 171 1630 236">
     <span class='ocr_line' id='line_1_1' title="bbox 368 171 1630 236; baseline 0.004 -15"><span class='ocrx_word' id='word_1_1' title='bbox 368 171 459 236; x_wconf 83' lang='lat'><strong><em>40</em></strong></span> <span class='ocrx_word' id='word_1_2' title='bbox 1111 172 1529 225; x_wconf 73' lang='grc' dir='ltr'><strong><em>οΔΤΣΣΕιΑΣ</em></strong></span> <span class='ocrx_word' id='word_1_3' title='bbox 1565 174 1630 227; x_wconf 79' lang='grc' dir='ltr'><strong><em>Ρ.</em></strong></span> 
     </span>
    </p>
   </div>
   <div class='ocr_carea' id='block_1_2' title="bbox 360 312 2393 3579">
    <p class='ocr_par' dir='ltr' id='par_1_2' title="bbox 367 312 2074 404">
     <span class='ocr_line' id='line_1_2' title="bbox 367 312 2074 404; baseline 0.002 -24"><span class='ocrx_word' id='word_1_4' title='bbox 367 322 458 402; x_wconf 71' lang='grc' dir='ltr'><strong><em>τῷ</em></strong></span> <span class='ocrx_word' id='word_1_5' title='bbox 505 312 586 381; x_wconf 89' lang='grc' dir='ltr'><strong><em>δέ</em></strong></span> <span class='ocrx_word' id='word_1_6' title='bbox 624 314 698 381; x_wconf 76' lang='grc' dir='ltr'><strong><em>οἰ</em></strong></span> <span class='ocrx_word' id='word_1_7' title='bbox 738 314 1036 404; x_wconf 75' lang='grc' dir='ltr'><em>ὀγδοάτῳ</em></span> <span class='ocrx_word' id='word_1_8' title='bbox 1080 316 1286 381; x_wconf 85' lang='grc' dir='ltr'><strong><em>κακὸν</em></strong></span> <span class='ocrx_word' id='word_1_9' title='bbox 1330 316 1544 398; x_wconf 78' lang='grc' dir='ltr'><strong><em>ἤλυθε</em></strong></span> <span class='ocrx_word' id='word_1_10' title='bbox 1591 318 1736 393; x_wconf 84' lang='grc' dir='ltr'><strong><em>διὀς</em></strong></span> <span class='ocrx_word' id='word_1_11' title='bbox 1772 313 2074 402; x_wconf 79' lang='grc' dir='ltr'><strong><em>Ὀρέστης</em></strong></span> 
     </span>
    </p>

    <p class='ocr_par' dir='ltr' id='par_1_3' title="bbox 367 415 2151 509">
     <span class='ocr_line' id='line_1_3' title="bbox 367 415 2151 509; baseline 0.003 -24"><span class='ocrx_word' id='word_1_12' title='bbox 367 417 461 497; x_wconf 76' lang='grc' dir='ltr'><strong><em>ἂψ</em></strong></span> <span class='ocrx_word' id='word_1_13' title='bbox 504 415 615 485; x_wconf 84' lang='grc' dir='ltr'><strong><em>ἀπ’</em></strong></span> <span class='ocrx_word' id='word_1_14' title='bbox 661 416 1043 505; x_wconf 86' lang='grc' dir='ltr'><strong><em>Ἀθηνάων,</em></strong></span> <span class='ocrx_word' id='word_1_15' title='bbox 1085 420 1250 486; x_wconf 84' lang='grc' dir='ltr'><strong><em>κατὰ</em></strong></span> <span class='ocrx_word' id='word_1_16' title='bbox 1295 418 1359 486; x_wconf 88' lang='grc' dir='ltr'><strong><em>δ’</em></strong></span> <span class='ocrx_word' id='word_1_17' title='bbox 1412 422 1641 488; x_wconf 76' lang='grc' dir='ltr'><strong><em>ἔκτανε</em></strong></span> <span class='ocrx_word' id='word_1_18' title='bbox 1684 431 2151 509; x_wconf 74' lang='grc' dir='ltr'><strong><em>πατροφονῆα,</em></strong></span> 
     </span>
    </p>

    <p class='ocr_par' dir='ltr' id='par_1_4' title="bbox 365 525 2124 613">
     <span class='ocr_line' id='line_1_4' title="bbox 365 525 2124 613; baseline 0.002 -23"><span class='ocrx_word' id='word_1_19' title='bbox 365 530 705 608; x_wconf 74' lang='grc' dir='ltr'><strong><em>Αἴγισθον</em></strong></span> <span class='ocrx_word' id='word_1_20' title='bbox 749 527 1136 611; x_wconf 76' lang='grc' dir='ltr'><strong><em>δολόμητιν,</em></strong></span> <span class='ocrx_word' id='word_1_21' title='bbox 1182 526 1220 592; x_wconf 84' lang='grc' dir='ltr'>ὅ</span> <span class='ocrx_word' id='word_1_22' title='bbox 1266 525 1339 592; x_wconf 77' lang='grc' dir='ltr'><strong><em>οἰ</em></strong></span> <span class='ocrx_word' id='word_1_23' title='bbox 1375 525 1624 613; x_wconf 79' lang='grc' dir='ltr'><strong><em>πατέρα</em></strong></span> <span class='ocrx_word' id='word_1_24' title='bbox 1666 529 1911 594; x_wconf 87' lang='grc' dir='ltr'><strong><em>κλυτὸν</em></strong></span> <span class='ocrx_word' id='word_1_25' title='bbox 1955 529 2124 594; x_wconf 77' lang='grc' dir='ltr'><strong><em>ἔκτα.</em></strong></span> 
     </span>
    </p>

    <p class='ocr_par' dir='ltr' id='par_1_5' title="bbox 366 625 2045 720">
     <span class='ocr_line' id='line_1_5' title="bbox 366 625 2045 720; baseline 0.001 -25"><span class='ocrx_word' id='word_1_26' title='bbox 366 625 408 713; x_wconf 77' lang='grc' dir='ltr'><strong><em>ἦ</em></strong></span> <span class='ocrx_word' id='word_1_27' title='bbox 452 653 559 696; x_wconf 88' lang='grc' dir='ltr'><strong><em>τοι</em></strong></span> <span class='ocrx_word' id='word_1_28' title='bbox 603 630 641 698; x_wconf 84' lang='grc' dir='ltr'><strong>ὁ</strong></span> <span class='ocrx_word' id='word_1_29' title='bbox 685 633 804 697; x_wconf 87' lang='grc' dir='ltr'><strong><em>τὸν</em></strong></span> <span class='ocrx_word' id='word_1_30' title='bbox 846 634 1105 709; x_wconf 87' lang='grc' dir='ltr'><strong><em>κτείνας</em></strong></span> <span class='ocrx_word' id='word_1_31' title='bbox 1151 632 1351 699; x_wconf 81' lang='grc' dir='ltr'><strong><em>δαίνυ</em></strong></span> <span class='ocrx_word' id='word_1_32' title='bbox 1392 633 1611 717; x_wconf 88' lang='grc' dir='ltr'><strong><em>τάφον</em></strong></span> <span class='ocrx_word' id='word_1_33' title='bbox 1649 630 2045 720; x_wconf 77' lang='grc' dir='ltr'><strong><em>Ἀργείοισιν</em></strong></span> 
     </span>
    </p>

    <p class='ocr_par' dir='ltr' id='par_1_6' title="bbox 368 736 2393 823">
     <span class='ocr_line' id='line_1_6' title="bbox 368 736 2393 823; baseline 0 -20"><span class='ocrx_word' id='word_1_34' title='bbox 368 739 613 823; x_wconf 88' lang='grc' dir='ltr'><strong><em>μητρός</em></strong></span> <span class='ocrx_word' id='word_1_35' title='bbox 654 760 726 804; x_wconf 89' lang='grc' dir='ltr'><strong><em>τε</em></strong></span> <span class='ocrx_word' id='word_1_36' title='bbox 773 746 1094 822; x_wconf 77' lang='grc' dir='ltr'><strong><em>στυγερῆς</em></strong></span> <span class='ocrx_word' id='word_1_37' title='bbox 1137 736 1250 804; x_wconf 87' lang='grc' dir='ltr'><strong><em>καὶ</em></strong></span> <span class='ocrx_word' id='word_1_38' title='bbox 1295 738 1649 816; x_wconf 87' lang='grc' dir='ltr'><strong><em>ἀνάλκιδος</em></strong></span> <span class='ocrx_word' id='word_1_39' title='bbox 1692 741 2087 821; x_wconf 78' lang='grc' dir='ltr'><strong><em>Αἰγίσθοιο·</em></strong></span> <span class='ocrx_word' id='word_1_40' title='bbox 2284 756 2393 805; x_wconf 76' lang='grc'><strong><em>310</em></strong></span> 
     </span>
    </p>

    <p class='ocr_par' dir='ltr' id='par_1_7' title="bbox 368 838 2023 930">
     <span class='ocr_line' id='line_1_7' title="bbox 368 838 2023 930; baseline 0.002 -22"><span class='ocrx_word' id='word_1_41' title='bbox 368 842 668 930; x_wconf 81' lang='grc' dir='ltr'><strong><em>αὐτῆμαρ</em></strong></span> <span class='ocrx_word' id='word_1_42' title='bbox 719 840 799 909; x_wconf 89' lang='grc' dir='ltr'><strong><em>δέ</em></strong></span> <span class='ocrx_word' id='word_1_43' title='bbox 838 842 911 909; x_wconf 79' lang='grc' dir='ltr'><strong><em>οἰ</em></strong></span> <span class='ocrx_word' id='word_1_44' title='bbox 947 838 1118 928; x_wconf 78' lang='grc' dir='ltr'><strong><em>ἦλθε</em></strong></span> <span class='ocrx_word' id='word_1_45' title='bbox 1162 845 1334 928; x_wconf 79' lang='grc' dir='ltr'><strong><em>βοὴν</em></strong></span> <span class='ocrx_word' id='word_1_46' title='bbox 1378 843 1633 928; x_wconf 87' lang='grc' dir='ltr'><strong><em>ἀγαθὸς</em></strong></span> <span class='ocrx_word' id='word_1_47' title='bbox 1675 843 2023 921; x_wconf 89' lang='grc' dir='ltr'><strong><em>Μενέλαος</em></strong></span> 
     </span>
    </p>

    <p class='ocr_par' dir='ltr' id='par_1_8' title="bbox 366 946 2174 1036">
     <span class='ocr_line' id='line_1_8' title="bbox 366 946 2174 1036; baseline 0 -22"><span class='ocrx_word' id='word_1_48' title='bbox 366 950 579 1015; x_wconf 77' lang='grc' dir='ltr'><strong><em>πολλὰ</em></strong></span> <span class='ocrx_word' id='word_1_49' title='bbox 623 946 892 1034; x_wconf 84' lang='grc' dir='ltr'><strong><em>κτήματ’</em></strong></span> <span class='ocrx_word' id='word_1_50' title='bbox 945 950 1158 1032; x_wconf 88' lang='grc' dir='ltr'><strong><em>ἄγων,</em></strong></span> <span class='ocrx_word' id='word_1_51' title='bbox 1202 949 1330 1016; x_wconf 80' lang='grc' dir='ltr'><strong><em>ὅσα</em></strong></span> <span class='ocrx_word' id='word_1_52' title='bbox 1373 950 1446 1016; x_wconf 80' lang='grc' dir='ltr'><strong><em>οἰ</em></strong></span> <span class='ocrx_word' id='word_1_53' title='bbox 1483 948 1629 1027; x_wconf 94' lang='grc' dir='ltr'><strong><em>νέες</em></strong></span> <span class='ocrx_word' id='word_1_54' title='bbox 1673 950 1883 1036; x_wconf 89' lang='grc' dir='ltr'><strong><em>ἄχθος</em></strong></span> <span class='ocrx_word' id='word_1_55' title='bbox 1926 951 2174 1035; x_wconf 89' lang='grc' dir='ltr'><strong><em>ἄειραν.</em></strong></span> 
     </span>
    </p>

    <p class='ocr_par' dir='ltr' id='par_1_9' title="bbox 366 1053 2285 1141">
     <span class='ocr_line' id='line_1_9' title="bbox 366 1053 2285 1141; baseline 0 -21"><span class='ocrx_word' id='word_1_56' title='bbox 366 1053 477 1121; x_wconf 84' lang='grc' dir='ltr'><strong><em>καὶ</em></strong></span> <span class='ocrx_word' id='word_1_57' title='bbox 522 1056 638 1138; x_wconf 80' lang='grc' dir='ltr'><strong><em>σύ,</em></strong></span> <span class='ocrx_word' id='word_1_58' title='bbox 685 1058 911 1141; x_wconf 88' lang='grc' dir='ltr'><strong><em>φίλος,</em></strong></span> <span class='ocrx_word' id='word_1_59' title='bbox 957 1054 1046 1139; x_wconf 84' lang='grc' dir='ltr'><strong><em>μὴ</em></strong></span> <span class='ocrx_word' id='word_1_60' title='bbox 1093 1055 1276 1139; x_wconf 81' lang='grc' dir='ltr'><strong><em>δηθὰ</em></strong></span> <span class='ocrx_word' id='word_1_61' title='bbox 1321 1057 1548 1141; x_wconf 90' lang='grc' dir='ltr'><strong><em>δόμων</em></strong></span> <span class='ocrx_word' id='word_1_62' title='bbox 1591 1057 1721 1122; x_wconf 88' lang='grc' dir='ltr'><strong><em>ἄπο</em></strong></span> <span class='ocrx_word' id='word_1_63' title='bbox 1765 1053 1908 1140; x_wconf 88' lang='grc' dir='ltr'><strong><em>τῆλ’</em></strong></span> <span class='ocrx_word' id='word_1_64' title='bbox 1961 1055 2285 1139; x_wconf 75' lang='grc' dir='ltr'><strong><em>ἀλάλησο,</em></strong></span> 
     </span>
    </p>

    <p class='ocr_par' dir='ltr' id='par_1_10' title="bbox 366 1159 2257 1247">
     <span class='ocr_line' id='line_1_10' title="bbox 366 1159 2257 1247; baseline 0 -21"><span class='ocrx_word' id='word_1_65' title='bbox 366 1161 658 1245; x_wconf 87' lang='grc' dir='ltr'><strong><em>κτήματά</em></strong></span> <span class='ocrx_word' id='word_1_66' title='bbox 699 1184 769 1228; x_wconf 90' lang='grc' dir='ltr'><strong><em>τε</em></strong></span> <span class='ocrx_word' id='word_1_67' title='bbox 812 1161 1156 1247; x_wconf 80' lang='grc' dir='ltr'><strong><em>προλιπὼν</em></strong></span> <span class='ocrx_word' id='word_1_68' title='bbox 1201 1161 1452 1247; x_wconf 89' lang='grc' dir='ltr'><strong><em>ἄνδρας</em></strong></span> <span class='ocrx_word' id='word_1_69' title='bbox 1492 1159 1552 1227; x_wconf 93' lang='grc' dir='ltr'><strong><em>τ’</em></strong></span> <span class='ocrx_word' id='word_1_70' title='bbox 1604 1161 1679 1229; x_wconf 87' lang='grc' dir='ltr'><strong><em>ἐν</em></strong></span> <span class='ocrx_word' id='word_1_71' title='bbox 1724 1172 1903 1228; x_wconf 80' lang='grc' dir='ltr'><strong><em>σοῖσι</em></strong></span> <span class='ocrx_word' id='word_1_72' title='bbox 1948 1163 2257 1246; x_wconf 88' lang='grc' dir='ltr'><strong><em>δόμοισιν</em></strong></span> 
     </span>
    </p>

    <p class='ocr_par' dir='ltr' id='par_1_11' title="bbox 368 1265 2390 1353">
     <span class='ocr_line' id='line_1_11' title="bbox 368 1265 2390 1353; baseline 0 -21"><span class='ocrx_word' id='word_1_73' title='bbox 368 1267 543 1332; x_wconf 84' lang='grc' dir='ltr'><strong><em>οὕτω</em></strong></span> <span class='ocrx_word' id='word_1_74' title='bbox 587 1265 1071 1352; x_wconf 85' lang='grc' dir='ltr'><strong><em>ὑπερφιάλους·</em></strong></span> <span class='ocrx_word' id='word_1_75' title='bbox 1115 1268 1206 1352; x_wconf 91' lang='grc' dir='ltr'><strong><em>μή</em></strong></span> <span class='ocrx_word' id='word_1_76' title='bbox 1249 1290 1357 1334; x_wconf 89' lang='grc' dir='ltr'><strong><em>τοι</em></strong></span> <span class='ocrx_word' id='word_1_77' title='bbox 1398 1268 1564 1334; x_wconf 83' lang='grc' dir='ltr'><strong><em>κατὰ</em></strong></span> <span class='ocrx_word' id='word_1_78' title='bbox 1607 1268 1823 1334; x_wconf 89' lang='grc' dir='ltr'><strong><em>πάντα</em></strong></span> <span class='ocrx_word' id='word_1_79' title='bbox 1868 1268 2176 1353; x_wconf 87' lang='grc' dir='ltr'><strong><em>φάγωσιν</em></strong></span> <span class='ocrx_word' id='word_1_80' title='bbox 2285 1284 2390 1333; x_wconf 83' lang='grc'><strong><em>315</em></strong></span> 
     </span>
    </p>

    <p class='ocr_par' dir='ltr' id='par_1_12' title="bbox 366 1370 2201 1458">
     <span class='ocr_line' id='line_1_12' title="bbox 366 1370 2201 1458; baseline 0.001 -22"><span class='ocrx_word' id='word_1_81' title='bbox 366 1375 659 1457; x_wconf 90' lang='grc' dir='ltr'><strong><em>κτήματα</em></strong></span> <span class='ocrx_word' id='word_1_82' title='bbox 705 1372 1109 1457; x_wconf 86' lang='grc' dir='ltr'><strong><em>δασσάμενοι</em></strong></span> <span class='ocrx_word' id='word_1_83' title='bbox 1123 1421 1143 1456; x_wconf 90' lang='grc'><strong><em>,</em></strong></span> <span class='ocrx_word' id='word_1_84' title='bbox 1191 1376 1277 1439; x_wconf 83' lang='grc' dir='ltr'><strong><em>σὺ</em></strong></span> <span class='ocrx_word' id='word_1_85' title='bbox 1323 1370 1398 1439; x_wconf 73' lang='grc' dir='ltr'><strong><em>δὲ</em></strong></span> <span class='ocrx_word' id='word_1_86' title='bbox 1443 1376 1727 1458; x_wconf 80' lang='grc' dir='ltr'><strong><em>τηϋσίην</em></strong></span> <span class='ocrx_word' id='word_1_87' title='bbox 1772 1372 1936 1439; x_wconf 87' lang='grc' dir='ltr'><strong><em>ὁδὸν</em></strong></span> <span class='ocrx_word' id='word_1_88' title='bbox 1981 1374 2201 1458; x_wconf 77' lang='grc' dir='ltr'><strong><em>ἔλθῃς.</em></strong></span> 
     </span>
    </p>

    <p class='ocr_par' dir='ltr' id='par_1_13' title="bbox 367 1473 2113 1564">
     <span class='ocr_line' id='line_1_13' title="bbox 367 1473 2113 1564; baseline 0 -21"><span class='ocrx_word' id='word_1_89' title='bbox 367 1476 510 1543; x_wconf 88' lang='grc' dir='ltr'><strong><em>ἀλλ’</em></strong></span> <span class='ocrx_word' id='word_1_90' title='bbox 563 1477 630 1555; x_wconf 90' lang='grc' dir='ltr'><strong><em>ἐς</em></strong></span> <span class='ocrx_word' id='word_1_91' title='bbox 673 1473 797 1563; x_wconf 67' lang='grc' dir='ltr'><strong><em>μὲν</em></strong></span> <span class='ocrx_word' id='word_1_92' title='bbox 840 1477 1193 1545; x_wconf 91' lang='grc' dir='ltr'><strong><em>Μενέλαον</em></strong></span> <span class='ocrx_word' id='word_1_93' title='bbox 1237 1478 1366 1562; x_wconf 80' lang='grc' dir='ltr'><strong><em>ἐγὼ</em></strong></span> <span class='ocrx_word' id='word_1_94' title='bbox 1413 1477 1686 1564; x_wconf 80' lang='grc' dir='ltr'><strong><em>κέλομαι</em></strong></span> <span class='ocrx_word' id='word_1_95' title='bbox 1728 1475 1841 1544; x_wconf 81' lang='grc' dir='ltr'><strong><em>καὶ</em></strong></span> <span class='ocrx_word' id='word_1_96' title='bbox 1884 1479 2113 1561; x_wconf 88' lang='grc' dir='ltr'><strong><em>ἄνωγα</em></strong></span> 
     </span>
    </p>

    <p class='ocr_par' dir='ltr' id='par_1_14' title="bbox 366 1582 2070 1670">
     <span class='ocr_line' id='line_1_14' title="bbox 366 1582 2070 1670; baseline 0 -20"><span class='ocrx_word' id='word_1_97' title='bbox 366 1583 620 1650; x_wconf 84' lang='grc' dir='ltr'><strong><em>ἐλθεῖν·</em></strong></span> <span class='ocrx_word' id='word_1_98' title='bbox 666 1595 885 1661; x_wconf 73' lang='grc' dir='ltr'><strong><em>κεῖνος</em></strong></span> <span class='ocrx_word' id='word_1_99' title='bbox 928 1585 1057 1670; x_wconf 80' lang='grc' dir='ltr'><strong><em>γὰρ</em></strong></span> <span class='ocrx_word' id='word_1_100' title='bbox 1100 1582 1259 1651; x_wconf 83' lang='grc' dir='ltr'><strong><em>νέον</em></strong></span> <span class='ocrx_word' id='word_1_101' title='bbox 1303 1585 1594 1651; x_wconf 84' lang='grc' dir='ltr'><strong><em>ἄλλοθεν</em></strong></span> <span class='ocrx_word' id='word_1_102' title='bbox 1641 1585 2070 1668; x_wconf 80' lang='grc' dir='ltr'><strong><em>εἰλήλουθεν,</em></strong></span> 
     </span>
    </p>

    <p class='ocr_par' dir='ltr' id='par_1_15' title="bbox 366 1687 2130 1777">
     <span class='ocr_line' id='line_1_15' title="bbox 366 1687 2130 1777; baseline 0 -22"><span class='ocrx_word' id='word_1_103' title='bbox 366 1688 439 1755; x_wconf 86' lang='grc' dir='ltr'><strong><em>ἐκ</em></strong></span> <span class='ocrx_word' id='word_1_104' title='bbox 482 1700 617 1755; x_wconf 82' lang='grc' dir='ltr'><strong><em>τῶν</em></strong></span> <span class='ocrx_word' id='word_1_105' title='bbox 661 1687 1074 1776; x_wconf 81' lang='grc' dir='ltr'><strong><em>ἀνθρώπων,</em></strong></span> <span class='ocrx_word' id='word_1_106' title='bbox 1121 1689 1288 1756; x_wconf 80' lang='grc' dir='ltr'><strong><em>ὅθεν</em></strong></span> <span class='ocrx_word' id='word_1_107' title='bbox 1334 1689 1458 1756; x_wconf 79' lang='grc' dir='ltr'><strong><em>οὐκ</em></strong></span> <span class='ocrx_word' id='word_1_108' title='bbox 1501 1691 1764 1755; x_wconf 81' lang='grc' dir='ltr'><strong><em>ἔλποιτό</em></strong></span> <span class='ocrx_word' id='word_1_109' title='bbox 1809 1712 1885 1772; x_wconf 89' lang='grc' dir='ltr'><strong><em>γε</em></strong></span> <span class='ocrx_word' id='word_1_110' title='bbox 1929 1695 2130 1777; x_wconf 72' lang='grc' dir='ltr'><strong><em>θυμῷ</em></strong></span> 
     </span>
    </p>

    <p class='ocr_par' dir='ltr' id='par_1_16' title="bbox 366 1794 2388 1883">
     <span class='ocr_line' id='line_1_16' title="bbox 366 1794 2388 1883; baseline 0 -22"><span class='ocrx_word' id='word_1_111' title='bbox 366 1794 676 1881; x_wconf 87' lang='grc' dir='ltr'><strong><em>ἐλθέμεν,</em></strong></span> <span class='ocrx_word' id='word_1_112' title='bbox 721 1795 802 1861; x_wconf 81' lang='grc' dir='ltr'><strong><em>ὅν</em></strong></span> <span class='ocrx_word' id='word_1_113' title='bbox 844 1819 995 1861; x_wconf 89' lang='grc' dir='ltr'><strong><em>τινα</em></strong></span> <span class='ocrx_word' id='word_1_114' title='bbox 1038 1806 1304 1883; x_wconf 81' lang='grc' dir='ltr'><strong><em>πρῶτον</em></strong></span> <span class='ocrx_word' id='word_1_115' title='bbox 1351 1795 1832 1880; x_wconf 81' lang='grc' dir='ltr'><strong><em>ἀποσφήλωσιν</em></strong></span> <span class='ocrx_word' id='word_1_116' title='bbox 1876 1795 2105 1861; x_wconf 86' lang='grc' dir='ltr'><strong><em>ἄελλαι</em></strong></span> <span class='ocrx_word' id='word_1_117' title='bbox 2284 1813 2388 1862; x_wconf 80' lang='lat'><strong><em>320</em></strong></span> 
     </span>
    </p>

    <p class='ocr_par' dir='ltr' id='par_1_17' title="bbox 366 1897 2199 1988">
     <span class='ocr_line' id='line_1_17' title="bbox 366 1897 2199 1988; baseline 0 -22"><span class='ocrx_word' id='word_1_118' title='bbox 366 1899 433 1979; x_wconf 87' lang='grc' dir='ltr'><strong><em>ἐς</em></strong></span> <span class='ocrx_word' id='word_1_119' title='bbox 475 1899 757 1986; x_wconf 87' lang='grc' dir='ltr'><strong><em>πέλαγος</em></strong></span> <span class='ocrx_word' id='word_1_120' title='bbox 800 1900 966 1987; x_wconf 85' lang='grc' dir='ltr'><strong><em>μέγα</em></strong></span> <span class='ocrx_word' id='word_1_121' title='bbox 1008 1911 1227 1985; x_wconf 85' lang='grc' dir='ltr'><strong><em>τοῖον,</em></strong></span> <span class='ocrx_word' id='word_1_122' title='bbox 1273 1901 1440 1969; x_wconf 81' lang='grc' dir='ltr'><strong><em>ὅθεν</em></strong></span> <span class='ocrx_word' id='word_1_123' title='bbox 1483 1899 1561 1968; x_wconf 89' lang='grc' dir='ltr'><strong><em>τέ</em></strong></span> <span class='ocrx_word' id='word_1_124' title='bbox 1599 1922 1722 1988; x_wconf 90' lang='grc' dir='ltr'><strong><em>περ</em></strong></span> <span class='ocrx_word' id='word_1_125' title='bbox 1769 1897 1915 1968; x_wconf 86' lang='grc' dir='ltr'><strong><em>οὐδ’</em></strong></span> <span class='ocrx_word' id='word_1_126' title='bbox 1966 1899 2199 1969; x_wconf 88' lang='grc' dir='ltr'><strong><em>οἰωνοὶ</em></strong></span> 
     </span>
    </p>

    <p class='ocr_par' dir='ltr' id='par_1_18' title="bbox 365 2006 1995 2094">
     <span class='ocr_line' id='line_1_18' title="bbox 365 2006 1995 2094; baseline 0 -21"><span class='ocrx_word' id='word_1_127' title='bbox 365 2008 667 2086; x_wconf 85' lang='grc' dir='ltr'><strong><em>αὐτόετες</em></strong></span> <span class='ocrx_word' id='word_1_128' title='bbox 711 2011 1077 2094; x_wconf 76' lang='grc' dir='ltr'><strong><em>οἰχνεῦσιν,</em></strong></span> <span class='ocrx_word' id='word_1_129' title='bbox 1123 2006 1264 2074; x_wconf 87' lang='grc' dir='ltr'><strong><em>ἐπεὶ</em></strong></span> <span class='ocrx_word' id='word_1_130' title='bbox 1310 2006 1476 2093; x_wconf 83' lang='grc' dir='ltr'><strong><em>μέγα</em></strong></span> <span class='ocrx_word' id='word_1_131' title='bbox 1518 2030 1591 2072; x_wconf 89' lang='grc' dir='ltr'><strong><em>τε</em></strong></span> <span class='ocrx_word' id='word_1_132' title='bbox 1637 2009 1862 2073; x_wconf 87' lang='grc' dir='ltr'><strong><em>δεινόν</em></strong></span> <span class='ocrx_word' id='word_1_133' title='bbox 1907 2030 1995 2073; x_wconf 94' lang='grc' dir='ltr'><strong><em>τε.</em></strong></span> 
     </span>
    </p>

    <p class='ocr_par' dir='ltr' id='par_1_19' title="bbox 365 2111 2165 2199">
     <span class='ocr_line' id='line_1_19' title="bbox 365 2111 2165 2199; baseline 0.001 -20"><span class='ocrx_word' id='word_1_134' title='bbox 365 2111 507 2180; x_wconf 90' lang='grc' dir='ltr'><strong><em>ἀλλ’</em></strong></span> <span class='ocrx_word' id='word_1_135' title='bbox 561 2119 666 2180; x_wconf 77' lang='grc' dir='ltr'><strong><em>ἴθι</em></strong></span> <span class='ocrx_word' id='word_1_136' title='bbox 708 2124 838 2181; x_wconf 89' lang='grc' dir='ltr'><strong><em>νῦν</em></strong></span> <span class='ocrx_word' id='word_1_137' title='bbox 883 2117 1011 2181; x_wconf 81' lang='grc' dir='ltr'><strong><em>σὺν</em></strong></span> <span class='ocrx_word' id='word_1_138' title='bbox 1053 2116 1176 2199; x_wconf 94' lang='grc' dir='ltr'><strong><em>νηί</em></strong></span> <span class='ocrx_word' id='word_1_139' title='bbox 1210 2137 1281 2179; x_wconf 93' lang='grc' dir='ltr'><strong><em>τε</em></strong></span> <span class='ocrx_word' id='word_1_140' title='bbox 1327 2122 1412 2199; x_wconf 77' lang='grc' dir='ltr'><strong><em>σῇ</em></strong></span> <span class='ocrx_word' id='word_1_141' title='bbox 1456 2111 1568 2180; x_wconf 81' lang='grc' dir='ltr'><strong><em>καὶ</em></strong></span> <span class='ocrx_word' id='word_1_142' title='bbox 1613 2123 1757 2191; x_wconf 80' lang='grc' dir='ltr'><strong><em>σοῖς</em></strong></span> <span class='ocrx_word' id='word_1_143' title='bbox 1802 2111 2165 2199; x_wconf 78' lang='grc' dir='ltr'><strong><em>ἑτάροισιν·</em></strong></span> 
     </span>
    </p>

    <p class='ocr_par' dir='ltr' id='par_1_20' title="bbox 364 2216 2287 2306">
     <span class='ocr_line' id='line_1_20' title="bbox 364 2216 2287 2306; baseline -0.001 -21"><span class='ocrx_word' id='word_1_144' title='bbox 364 2222 428 2286; x_wconf 94' lang='grc' dir='ltr'><strong><em>εἰ</em></strong></span> <span class='ocrx_word' id='word_1_145' title='bbox 469 2216 531 2285; x_wconf 86' lang='grc' dir='ltr'><strong><em>δ’</em></strong></span> <span class='ocrx_word' id='word_1_146' title='bbox 583 2218 836 2298; x_wconf 78' lang='grc' dir='ltr'><strong><em>ἐθέλεις</em></strong></span> <span class='ocrx_word' id='word_1_147' title='bbox 878 2223 1094 2303; x_wconf 78' lang='grc' dir='ltr'><strong><em>πεζός,</em></strong></span> <span class='ocrx_word' id='word_1_148' title='bbox 1139 2220 1316 2306; x_wconf 90' lang='grc' dir='ltr'><strong><em>πάρα</em></strong></span> <span class='ocrx_word' id='word_1_149' title='bbox 1360 2242 1466 2285; x_wconf 88' lang='grc' dir='ltr'><strong><em>τοι</em></strong></span> <span class='ocrx_word' id='word_1_150' title='bbox 1511 2220 1751 2305; x_wconf 88' lang='grc' dir='ltr'><strong><em>δίφρος</em></strong></span> <span class='ocrx_word' id='word_1_151' title='bbox 1794 2242 1864 2286; x_wconf 97' lang='grc' dir='ltr'><strong><em>τε</em></strong></span> <span class='ocrx_word' id='word_1_152' title='bbox 1908 2217 2020 2285; x_wconf 87' lang='grc' dir='ltr'><strong><em>καὶ</em></strong></span> <span class='ocrx_word' id='word_1_153' title='bbox 2066 2220 2287 2303; x_wconf 79' lang='grc' dir='ltr'><strong><em>ἵπποι,</em></strong></span> 
     </span>
    </p>

    <p class='ocr_par' dir='ltr' id='par_1_21' title="bbox 362 2317 2384 2412">
     <span class='ocr_line' id='line_1_21' title="bbox 362 2317 2384 2412; baseline 0 -21"><span class='ocrx_word' id='word_1_154' title='bbox 362 2326 495 2412; x_wconf 80' lang='grc' dir='ltr'><strong><em>πὰρ</em></strong></span> <span class='ocrx_word' id='word_1_155' title='bbox 541 2324 621 2392; x_wconf 95' lang='grc' dir='ltr'><strong><em>δέ</em></strong></span> <span class='ocrx_word' id='word_1_156' title='bbox 657 2348 764 2392; x_wconf 89' lang='grc' dir='ltr'><strong><em>τοι</em></strong></span> <span class='ocrx_word' id='word_1_157' title='bbox 806 2317 947 2403; x_wconf 85' lang='grc' dir='ltr'><strong><em>υἷες</em></strong></span> <span class='ocrx_word' id='word_1_158' title='bbox 991 2325 1167 2411; x_wconf 93' lang='grc' dir='ltr'><strong><em>ἐμοί,</em></strong></span> <span class='ocrx_word' id='word_1_159' title='bbox 1214 2326 1286 2392; x_wconf 77' lang='grc' dir='ltr'><strong><em>οἳ</em></strong></span> <span class='ocrx_word' id='word_1_160' title='bbox 1322 2348 1427 2391; x_wconf 90' lang='grc' dir='ltr'><strong><em>τοι</em></strong></span> <span class='ocrx_word' id='word_1_161' title='bbox 1469 2333 1764 2408; x_wconf 86' lang='grc' dir='ltr'><strong><em>πομπῆες</em></strong></span> <span class='ocrx_word' id='word_1_162' title='bbox 1808 2327 2074 2390; x_wconf 79' lang='grc' dir='ltr'><strong><em>ἔσονται</em></strong></span> <span class='ocrx_word' id='word_1_163' title='bbox 2278 2343 2384 2392; x_wconf 78' lang='grc'><strong><em>325</em></strong></span> 
     </span>
    </p>

    <p class='ocr_par' dir='ltr' id='par_1_22' title="bbox 363 2427 2027 2516">
     <span class='ocr_line' id='line_1_22' title="bbox 363 2427 2027 2516; baseline -0.002 -18"><span class='ocrx_word' id='word_1_164' title='bbox 363 2431 431 2510; x_wconf 88' lang='grc' dir='ltr'><strong><em>ἐς</em></strong></span> <span class='ocrx_word' id='word_1_165' title='bbox 471 2433 939 2516; x_wconf 89' lang='grc' dir='ltr'><strong><em>Λακεδαίμονα</em></strong></span> <span class='ocrx_word' id='word_1_166' title='bbox 983 2432 1168 2515; x_wconf 79' lang='grc' dir='ltr'><strong><em>δῖαν,</em></strong></span> <span class='ocrx_word' id='word_1_167' title='bbox 1215 2430 1331 2496; x_wconf 84' lang='grc' dir='ltr'><strong><em>ὅθι</em></strong></span> <span class='ocrx_word' id='word_1_168' title='bbox 1376 2429 1623 2510; x_wconf 81' lang='grc' dir='ltr'><strong><em>ξανθὸς</em></strong></span> <span class='ocrx_word' id='word_1_169' title='bbox 1665 2427 2027 2507; x_wconf 86' lang='grc' dir='ltr'><strong><em>Μενέλαος.</em></strong></span> 
     </span>
    </p>

    <p class='ocr_par' dir='ltr' id='par_1_23' title="bbox 363 2531 2094 2622">
     <span class='ocr_line' id='line_1_23' title="bbox 363 2531 2094 2622; baseline -0.001 -19"><span class='ocrx_word' id='word_1_170' title='bbox 363 2541 715 2604; x_wconf 86' lang='grc' dir='ltr'><strong><em>λίσσεσθαι</em></strong></span> <span class='ocrx_word' id='word_1_171' title='bbox 758 2536 840 2604; x_wconf 88' lang='grc' dir='ltr'><strong><em>δέ</em></strong></span> <span class='ocrx_word' id='word_1_172' title='bbox 877 2561 994 2622; x_wconf 95' lang='grc' dir='ltr'><strong><em>μιν</em></strong></span> <span class='ocrx_word' id='word_1_173' title='bbox 1038 2536 1268 2618; x_wconf 85' lang='grc' dir='ltr'><strong><em>αὐτός,</em></strong></span> <span class='ocrx_word' id='word_1_174' title='bbox 1314 2537 1427 2601; x_wconf 78' lang='grc' dir='ltr'><strong><em>’ἵνα</em></strong></span> <span class='ocrx_word' id='word_1_175' title='bbox 1473 2531 1785 2622; x_wconf 73' lang='grc' dir='ltr'><strong><em>νημερτὲς</em></strong></span> <span class='ocrx_word' id='word_1_176' title='bbox 1830 2535 2094 2622; x_wconf 76' lang='grc' dir='ltr'><strong><em>ἐνίσπῃ·</em></strong></span> 
     </span>
    </p>

    <p class='ocr_par' dir='ltr' id='par_1_24' title="bbox 361 2639 2382 2835">
     <span class='ocr_line' id='line_1_24' title="bbox 361 2639 2277 2728; baseline -0.001 -18"><span class='ocrx_word' id='word_1_177' title='bbox 361 2645 609 2722; x_wconf 85' lang='grc' dir='ltr'><strong><em>ψεῦδος</em></strong></span> <span class='ocrx_word' id='word_1_178' title='bbox 653 2640 715 2708; x_wconf 89' lang='grc' dir='ltr'><strong><em>δ’</em></strong></span> <span class='ocrx_word' id='word_1_179' title='bbox 768 2643 892 2709; x_wconf 82' lang='grc' dir='ltr'><strong><em>οὐκ</em></strong></span> <span class='ocrx_word' id='word_1_180' title='bbox 936 2641 1132 2728; x_wconf 90' lang='grc' dir='ltr'><strong><em>ἐρέει·</em></strong></span> <span class='ocrx_word' id='word_1_181' title='bbox 1176 2641 1351 2725; x_wconf 90' lang='grc' dir='ltr'><strong><em>μάλα</em></strong></span> <span class='ocrx_word' id='word_1_182' title='bbox 1393 2639 1522 2726; x_wconf 82' lang='grc' dir='ltr'><strong><em>γὰρ</em></strong></span> <span class='ocrx_word' id='word_1_183' title='bbox 1567 2639 1987 2725; x_wconf 87' lang='grc' dir='ltr'><strong><em>πεπνυμένος</em></strong></span> <span class='ocrx_word' id='word_1_184' title='bbox 2033 2640 2277 2708; x_wconf 86' lang='grc' dir='ltr'><strong><em>ἐστίν.“</em></strong></span> 
     </span>
     <span class='ocr_line' id='line_1_25' title="bbox 451 2743 2382 2835; baseline 0 -20"><span class='ocrx_word' id='word_1_185' title='bbox 451 2745 540 2828; x_wconf 82' lang='grc' dir='ltr'><strong><em>ὦς</em></strong></span> <span class='ocrx_word' id='word_1_186' title='bbox 583 2747 799 2835; x_wconf 81' lang='grc' dir='ltr'><strong><em>ἔφατ’,</em></strong></span> <span class='ocrx_word' id='word_1_187' title='bbox 845 2748 1063 2833; x_wconf 77' lang='grc' dir='ltr'><strong><em>ἠέλιος</em></strong></span> <span class='ocrx_word' id='word_1_188' title='bbox 1107 2744 1169 2813; x_wconf 87' lang='grc' dir='ltr'><strong><em>δ’</em></strong></span> <span class='ocrx_word' id='word_1_189' title='bbox 1221 2743 1329 2831; x_wconf 87' lang='grc' dir='ltr'><strong><em>ἄρ’</em></strong></span> <span class='ocrx_word' id='word_1_190' title='bbox 1382 2746 1503 2812; x_wconf 79' lang='grc' dir='ltr'><strong><em>ἔδυ</em></strong></span> <span class='ocrx_word' id='word_1_191' title='bbox 1545 2743 1656 2812; x_wconf 81' lang='grc' dir='ltr'><strong><em>καὶ</em></strong></span> <span class='ocrx_word' id='word_1_192' title='bbox 1702 2743 1810 2811; x_wconf 84' lang='grc' dir='ltr'><strong><em>ἐπὶ</em></strong></span> <span class='ocrx_word' id='word_1_193' title='bbox 1860 2744 2109 2832; x_wconf 84' lang='grc' dir='ltr'><strong><em>κνέφας</em></strong></span> <span class='ocrx_word' id='word_1_194' title='bbox 2155 2744 2382 2832; x_wconf 80' lang='grc' dir='ltr'><strong><em>ἦλθεν.</em></strong></span> 
     </span>
    </p>

    <p class='ocr_par' dir='ltr' id='par_1_25' title="bbox 361 2849 2381 2940">
     <span class='ocr_line' id='line_1_26' title="bbox 361 2849 2381 2940; baseline -0.001 -18"><span class='ocrx_word' id='word_1_195' title='bbox 361 2868 536 2923; x_wconf 78' lang='grc' dir='ltr'><strong><em>τοῖσι</em></strong></span> <span class='ocrx_word' id='word_1_196' title='bbox 584 2851 657 2921; x_wconf 73' lang='grc' dir='ltr'><strong><em>δὲ</em></strong></span> <span class='ocrx_word' id='word_1_197' title='bbox 701 2854 813 2921; x_wconf 87' lang='grc' dir='ltr'><strong><em>καὶ</em></strong></span> <span class='ocrx_word' id='word_1_198' title='bbox 855 2852 1148 2940; x_wconf 87' lang='grc' dir='ltr'><strong><em>μετέειπε</em></strong></span> <span class='ocrx_word' id='word_1_199' title='bbox 1191 2852 1353 2935; x_wconf 92' lang='grc' dir='ltr'><strong><em>θεά,</em></strong></span> <span class='ocrx_word' id='word_1_200' title='bbox 1397 2856 1777 2935; x_wconf 82' lang='grc' dir='ltr'><strong><em>γλαυκῶπις</em></strong></span> <span class='ocrx_word' id='word_1_201' title='bbox 1815 2849 2065 2936; x_wconf 82' lang='grc' dir='ltr'><strong><em>Ἀθήνη</em></strong></span> <span class='ocrx_word' id='word_1_202' title='bbox 2080 2871 2098 2888; x_wconf 94' lang='grc'><strong><em>·</em></strong></span> <span class='ocrx_word' id='word_1_203' title='bbox 2277 2869 2381 2919; x_wconf 88' lang='grc'><strong><em>330</em></strong></span> 
     </span>
    </p>

    <p class='ocr_par' dir='ltr' id='par_1_26' title="bbox 361 2954 2144 3047">
     <span class='ocr_line' id='line_1_27' title="bbox 361 2954 2144 3047; baseline -0.004 -19"><span class='ocrx_word' id='word_1_204' title='bbox 361 2958 460 3047; x_wconf 81' lang='grc' dir='ltr'><strong><em>,,ὦ</em></strong></span> <span class='ocrx_word' id='word_1_205' title='bbox 503 2959 740 3045; x_wconf 89' lang='grc' dir='ltr'><strong><em>γέρον,</em></strong></span> <span class='ocrx_word' id='word_1_206' title='bbox 785 2955 828 3045; x_wconf 78' lang='grc' dir='ltr'><em>ἦ</em></span> <span class='ocrx_word' id='word_1_207' title='bbox 872 2983 978 3026; x_wconf 89' lang='grc' dir='ltr'><strong><em>τοι</em></strong></span> <span class='ocrx_word' id='word_1_208' title='bbox 1021 2967 1228 3025; x_wconf 85' lang='grc' dir='ltr'><strong><em>ταῦτα</em></strong></span> <span class='ocrx_word' id='word_1_209' title='bbox 1271 2958 1438 3024; x_wconf 77' lang='grc' dir='ltr'><strong><em>κατὰ</em></strong></span> <span class='ocrx_word' id='word_1_210' title='bbox 1484 2967 1726 3042; x_wconf 84' lang='grc' dir='ltr'><strong><em>μοῖραν</em></strong></span> <span class='ocrx_word' id='word_1_211' title='bbox 1769 2954 2144 3036; x_wconf 79' lang='grc' dir='ltr'><strong><em>κατέλεξας·</em></strong></span> 
     </span>
    </p>

    <p class='ocr_par' dir='ltr' id='par_1_27' title="bbox 360 3058 2301 3159">
     <span class='ocr_line' id='line_1_28' title="bbox 360 3058 2301 3159; baseline -0.003 -24"><span class='ocrx_word' id='word_1_212' title='bbox 360 3065 504 3135; x_wconf 89' lang='grc' dir='ltr'><strong><em>ἀλλ’</em></strong></span> <span class='ocrx_word' id='word_1_213' title='bbox 557 3068 674 3150; x_wconf 85' lang='grc' dir='ltr'><strong><em>ἄγε</em></strong></span> <span class='ocrx_word' id='word_1_214' title='bbox 718 3067 989 3151; x_wconf 86' lang='grc' dir='ltr'><strong><em>τάμνετε</em></strong></span> <span class='ocrx_word' id='word_1_215' title='bbox 1034 3060 1156 3149; x_wconf 69' lang='grc' dir='ltr'><strong><em>μὲν</em></strong></span> <span class='ocrx_word' id='word_1_216' title='bbox 1200 3063 1504 3147; x_wconf 79' lang='grc' dir='ltr'><strong><em>γλώσσας</em></strong></span> <span class='ocrx_word' id='word_1_217' title='bbox 1518 3122 1540 3159; x_wconf 75' lang='lat'>‚</span> <span class='ocrx_word' id='word_1_218' title='bbox 1583 3062 1913 3148; x_wconf 86' lang='grc' dir='ltr'><strong><em>κεράασθε</em></strong></span> <span class='ocrx_word' id='word_1_219' title='bbox 1960 3059 2034 3129; x_wconf 72' lang='grc' dir='ltr'><strong><em>δὲ</em></strong></span> <span class='ocrx_word' id='word_1_220' title='bbox 2080 3058 2301 3147; x_wconf 79' lang='grc' dir='ltr'><strong><em>οἶνον,</em></strong></span> 
     </span>
    </p>

    <p class='ocr_par' dir='ltr' id='par_1_28' title="bbox 360 3167 1915 3261">
     <span class='ocr_line' id='line_1_29' title="bbox 360 3167 1915 3261; baseline -0.005 -20"><span class='ocrx_word' id='word_1_221' title='bbox 360 3178 538 3261; x_wconf 77' lang='grc' dir='ltr'><strong><em>ὄφρα</em></strong></span> <span class='ocrx_word' id='word_1_222' title='bbox 584 3173 1005 3239; x_wconf 87' lang='grc' dir='ltr'><strong><em>Ποσειδάωνι</em></strong></span> <span class='ocrx_word' id='word_1_223' title='bbox 1046 3168 1159 3237; x_wconf 85' lang='grc' dir='ltr'><strong><em>καὶ</em></strong></span> <span class='ocrx_word' id='word_1_224' title='bbox 1204 3170 1430 3246; x_wconf 90' lang='grc' dir='ltr'><strong><em>ἄλλοις</em></strong></span> <span class='ocrx_word' id='word_1_225' title='bbox 1475 3167 1915 3234; x_wconf 85' lang='grc' dir='ltr'><strong><em>ἀθανάτοισιν</em></strong></span> 
     </span>
    </p>

    <p class='ocr_par' dir='ltr' id='par_1_29' title="bbox 361 3273 2025 3362">
     <span class='ocr_line' id='line_1_30' title="bbox 361 3273 2025 3362; baseline -0.005 -15"><span class='ocrx_word' id='word_1_226' title='bbox 361 3282 744 3357; x_wconf 87' lang='grc' dir='ltr'><strong><em>σπείσαντες</em></strong></span> <span class='ocrx_word' id='word_1_227' title='bbox 784 3281 1034 3345; x_wconf 83' lang='grc' dir='ltr'><strong><em>κοίτοιο</em></strong></span> <span class='ocrx_word' id='word_1_228' title='bbox 1079 3275 1464 3362; x_wconf 81' lang='grc' dir='ltr'><strong><em>μεδώμεθα·</em></strong></span> <span class='ocrx_word' id='word_1_229' title='bbox 1507 3284 1651 3341; x_wconf 75' lang='grc' dir='ltr'><strong><em>τοῖο</em></strong></span> <span class='ocrx_word' id='word_1_230' title='bbox 1694 3273 1822 3360; x_wconf 83' lang='grc' dir='ltr'><strong><em>γὰρ</em></strong></span> <span class='ocrx_word' id='word_1_231' title='bbox 1869 3274 2025 3360; x_wconf 77' lang='grc' dir='ltr'><strong><em>ὥρη.</em></strong></span> 
     </span>
    </p>

    <p class='ocr_par' dir='ltr' id='par_1_30' title="bbox 360 3376 2380 3471">
     <span class='ocr_line' id='line_1_31' title="bbox 360 3376 2380 3471; baseline -0.004 -18"><span class='ocrx_word' id='word_1_232' title='bbox 360 3388 488 3471; x_wconf 76' lang='grc' dir='ltr'><strong><em>ἤδη</em></strong></span> <span class='ocrx_word' id='word_1_233' title='bbox 533 3387 663 3471; x_wconf 81' lang='grc' dir='ltr'><strong><em>γὰρ</em></strong></span> <span class='ocrx_word' id='word_1_234' title='bbox 710 3385 882 3469; x_wconf 92' lang='grc' dir='ltr'><strong><em>φάος</em></strong></span> <span class='ocrx_word' id='word_1_235' title='bbox 926 3380 1138 3468; x_wconf 79' lang='grc' dir='ltr'><strong><em>οἴχεθ’</em></strong></span> <span class='ocrx_word' id='word_1_236' title='bbox 1190 3381 1320 3447; x_wconf 80' lang='grc' dir='ltr'><strong><em>ὑπὸ</em></strong></span> <span class='ocrx_word' id='word_1_237' title='bbox 1371 3383 1607 3465; x_wconf 78' lang='grc' dir='ltr'><strong><em>ζόφον,</em></strong></span> <span class='ocrx_word' id='word_1_238' title='bbox 1654 3376 1812 3446; x_wconf 72' lang='grc' dir='ltr'><strong><em>οὐδὲ</em></strong></span> <span class='ocrx_word' id='word_1_239' title='bbox 1856 3382 2071 3445; x_wconf 83' lang='grc' dir='ltr'><strong><em>ἔοικεν</em></strong></span> <span class='ocrx_word' id='word_1_240' title='bbox 2278 3395 2380 3446; x_wconf 76' lang='grc'><strong><em>336</em></strong></span> 
     </span>
    </p>

    <p class='ocr_par' dir='ltr' id='par_1_31' title="bbox 362 3483 2161 3579">
     <span class='ocr_line' id='line_1_32' title="bbox 362 3483 2161 3579; baseline -0.007 -19"><span class='ocrx_word' id='word_1_241' title='bbox 362 3494 541 3579; x_wconf 80' lang='grc' dir='ltr'><strong><em>δηθὰ</em></strong></span> <span class='ocrx_word' id='word_1_242' title='bbox 585 3498 770 3558; x_wconf 81' lang='grc' dir='ltr'><strong><em>θεῶν</em></strong></span> <span class='ocrx_word' id='word_1_243' title='bbox 811 3489 886 3557; x_wconf 87' lang='grc' dir='ltr'><strong><em>ἐν</em></strong></span> <span class='ocrx_word' id='word_1_244' title='bbox 932 3487 1109 3556; x_wconf 79' lang='grc' dir='ltr'><strong><em>δαιτὶ</em></strong></span> <span class='ocrx_word' id='word_1_245' title='bbox 1154 3485 1568 3572; x_wconf 88' lang='grc' dir='ltr'><strong><em>θαασσέμεν,</em></strong></span> <span class='ocrx_word' id='word_1_246' title='bbox 1613 3485 1780 3551; x_wconf 81' lang='grc' dir='ltr'><strong><em>ἀλλὰ</em></strong></span> <span class='ocrx_word' id='word_1_247' title='bbox 1823 3483 2161 3550; x_wconf 85' lang='grc' dir='ltr'><strong><em>νέεσθαι.“</em></strong></span> 
     </span>
    </p>
   </div>
  </div>
 </body>
</html>
