2646 3932
391 236 519 301 120
1140 237 1556 290 οΔΤΣΣΕΙΑΣ
1593 236 1661 290 Θ.

387 379 582 466 δουρὶ
627 378 691 446 δ’
743 379 1087 463 ἀκοντίζω,
1134 379 1296 445 ὅσον
1342 379 1464 445 οὐκ
1511 381 1707 457 ἄλλος
1751 403 1850 457 τις
1895 378 2111 468 ὀιστῷ.

387 493 632 552 οἴοισιν
677 487 972 551 δείδοικα
1015 483 1216 551 ποσὶν
1258 488 1350 570 μή
1393 488 1493 563 τίς
1536 509 1615 570 με
1660 484 1962 571 παρέλθῃ
2300 501 2412 551 230

392 595 732 676 Φαιήκων·
777 595 930 676 λίην
972 592 1100 677 γὰρ
1147 590 1480 669 ἀεικελίως
1525 591 1916 676 ἐδαμάσθην

385 698 676 783 κύμασιν
721 696 795 763 ἐν
839 702 1139 780 πολλοῖς,
1186 696 1329 763 ἐπεὶ
1374 697 1457 763 οὐ
1499 697 1740 781 κομιδὴ
1784 697 1950 762 κατὰ
1993 705 2123 780 νῆα

385 799 506 887 ἦεν
552 804 931 888 ἐπηετανός·
976 812 1067 891 τῷ
1115 826 1228 887 μοι
1274 805 1442 887 φίλα
1484 814 1644 887 γυῖα
1689 802 2058 869 λέλυνται.“

476 907 564 989 ὧς
609 908 839 995 ἔφαθ’,
887 909 957 974 οἰ
998 907 1059 974 δ’
1114 910 1242 995 ἄρα
1285 910 1526 986 πάντες
1571 909 1738 994 ἀκὴν
1784 909 2090 993 ἐγένοντο
2137 919 2368 995 σιωπῇ.

381 1015 717 1094 Ἀλκίνοος
763 1014 844 1082 δέ
881 1040 998 1100 μιν
1045 1011 1186 1093 οἶος
1231 1015 1663 1100 ἀμειβόμενος
1705 1016 2121 1101 προσέειπεν·
2300 1033 2406 1081 235

387 1121 619 1208 ,,ξεῖν’,
675 1120 814 1188 ἐπεὶ
860 1121 983 1187 οὐκ
1028 1121 1348 1208 ἀχάριστα
1392 1117 1545 1207 μεθ’
1595 1121 1756 1207 ἡμῖν
1799 1120 1982 1188 ταῦτ’
2035 1122 2406 1207 ἀγορεύεις,

387 1228 530 1297 ἀλλ’
584 1227 837 1305 ἐθέλεις
881 1227 1122 1313 ἀρετὴν
1166 1228 1295 1311 σὴν
1340 1226 1692 1313 φαινέμεν,
1738 1228 1780 1311 ἥ
1826 1251 1930 1294 τοι
1975 1228 2237 1312 ὀπηδεῖ,

385 1340 739 1423 χωόμενος,
786 1334 887 1399 ὅτι
932 1332 996 1399 σ’
1050 1328 1247 1411 οὗτος
1292 1334 1462 1420 ἀνὴρ
1509 1333 1583 1400 ἐν
1629 1334 1836 1418 ἀγῶνι
1881 1336 2215 1421 παραστὰς

385 1445 708 1524 νείκεσεν,
755 1441 844 1516 ὡς
888 1439 973 1505 ἂν
1018 1440 1147 1523 σὴν
1191 1440 1434 1526 ἀρετὴν
1478 1442 1716 1526 βροτὸς
1762 1443 1844 1507 οὔ
1889 1465 1989 1518 τις
2034 1442 2289 1525 ὄνοιτο,

387 1549 459 1627 ὅς
503 1572 602 1625 τις
647 1547 980 1613 ἐπίσταιτο
1025 1538 1138 1634 ᾖσι
1183 1546 1427 1633 φρεσὶν
1472 1548 1664 1633 ἄρτια
1709 1549 1959 1632 βάζειν·
2299 1566 2406 1615 240

388 1653 532 1720 ἀλλ’
586 1655 703 1737 ἄγε
748 1662 877 1718 νῦν
922 1652 1163 1738 ἐμέθεν
1209 1652 1418 1732 ξυνίει
1465 1657 1650 1738 ἔπος,
1697 1656 1877 1740 ὄφρα
1920 1653 2032 1721 καὶ
2077 1656 2254 1745 ἄλλω

386 1767 573 1845 εἴπῃς
616 1759 885 1844 ἡρώων,
932 1759 1039 1825 ὅτε
1084 1784 1201 1826 κεν
1247 1771 1391 1838 σοῖς
1438 1760 1511 1827 ἐν
1556 1762 1944 1847 μεγάροισιν

387 1867 629 1951 δαινύῃ
672 1866 850 1950 παρὰ
894 1874 978 1952 σῇ
1022 1863 1081 1931 τ’
1134 1866 1350 1955 ἀλόχω
1396 1865 1508 1933 καὶ
1554 1879 1732 1933 σοῖσι
1776 1867 2104 1952 τέκεσσιν,

385 1972 700 2059 ἡμετέρης
744 1972 976 2058 ἀρετῆς
1020 1972 1462 2058 μεμνημένος,
1509 1965 1619 2039 οἶα
1662 1972 1774 2040 καὶ
1815 1974 1977 2058 ἡμῖν

391 2084 558 2157 Ζεὺς
602 2078 709 2146 ἐπὶ
754 2081 914 2165 ἔργα
957 2082 1188 2163 τίθησι
1234 2076 1587 2166 διαμπερὲς
1632 2080 1697 2160 ἐξ
1743 2082 1838 2146 ἔτι
1882 2092 2167 2166 πατρῶν.
2304 2098 2408 2147 245

388 2187 470 2253 οὐ
513 2186 641 2271 γὰρ
685 2184 1016 2269 πυγμάχοι
1061 2181 1245 2269 εἰμὲν
1291 2184 1625 2270 ἀμύμονες
1670 2182 1829 2252 οὐδὲ
1874 2188 2257 2269 παλαισταί,

388 2293 553 2360 ἀλλὰ
596 2289 756 2358 ποσὶ
796 2302 1132 2377 κραιπνῶς
1175 2290 1427 2376 θέομεν
1469 2290 1582 2357 καὶ
1625 2290 1868 2376 νηυσὶν
1912 2294 2195 2378 ἄριστοι·

388 2397 517 2465 αἰεὶ
561 2392 624 2463 δ’
673 2396 834 2481 ἥμιν
880 2397 1028 2474 δαίς
1070 2420 1142 2463 τε
1188 2400 1351 2481 φίλη
1396 2399 1664 2483 κίθαρίς
1707 2420 1776 2463 τε
1821 2400 2019 2482 χοροί
2056 2422 2127 2463 τε

387 2503 618 2590 εἵματά
660 2501 719 2569 τ’
771 2502 1085 2587 ἐξημοιβὰ
1131 2504 1369 2588 λοετρά
1413 2526 1483 2569 τε
1527 2504 1748 2590 θερμὰ
1792 2502 1904 2569 καὶ
1950 2504 2156 2570 εὐναί.

387 2608 531 2677 ἀλλ’
584 2610 732 2693 ἄγε,
785 2612 1099 2693 Φαιήκων
1142 2611 1553 2695 βητάρμονες
1597 2610 1788 2677 ὅσσοι
1835 2611 2123 2696 ἄριστοι,
2305 2627 2409 2676 250

386 2720 689 2799 παίσατε,
736 2715 826 2792 ὥς
868 2712 929 2799 χ’
983 2715 1018 2781 ὁ
1065 2715 1279 2795 ξεῖνος
1325 2714 1562 2801 ἐνίσπῃ
1608 2708 1744 2782 οἷσι
1792 2720 2092 2801 φίλοισιν

388 2822 612 2888 οἴκαδε
657 2823 1014 2904 νοστήσας,
1061 2821 1268 2886 ὅσσον
1312 2819 1811 2905 περιγιγνόμεθ’
1863 2823 2083 2887 ἄλλων

385 2928 690 3012 ναυτιλίῃ
732 2923 845 2991 καὶ
888 2924 1089 2991 ποσσὶ
1131 2923 1244 2991 καὶ
1290 2925 1614 3012 ὀρχηστυῖ
1650 2925 1762 2992 καὶ
1807 2925 2019 3012 ἀοιδῇ.

385 3032 761 3119 Δημοδόκῳ
807 3030 888 3097 δέ
928 3053 1026 3108 τις
1072 3027 1236 3109 αἶψα
1280 3033 1447 3098 κιὼν
1493 3034 1830 3117 φόρμιγγα
1875 3035 2130 3115 λίγειαν

388 3136 651 3220 οἰσέτω,
694 3137 738 3219 ἥ
783 3157 915 3202 που
959 3147 1167 3203 κεῖται
1213 3137 1288 3203 ἐν
1331 3136 1706 3223 ἡμετέροισι
1753 3138 2126 3223 δόμοισιν.“
2305 3156 2410 3206 265

476 3238 565 3320 ὧς
610 3239 796 3328 ἔφατ’
843 3239 1179 3320 ’Λλκίνοος
1221 3245 1629 3324 θεοείκελος,
1678 3238 1849 3329 ὦρτο
1899 3240 1972 3309 δὲ
2015 3245 2223 3331 κῆρυξ

389 3355 595 3415 οἴσων
640 3351 980 3434 φόρμιγγα
1023 3348 1382 3435 γλαφυρὴν
1427 3350 1641 3434 δόμου
1686 3349 1763 3416 ἐκ
1805 3354 2136 3434 βασιλῆος.

388 3456 786 3539 αἰσυμνῆται
837 3450 911 3520 δὲ
955 3453 1171 3540 κριτοὶ
1217 3454 1412 3521 ἐννέα
1453 3456 1696 3534 πάντες
1741 3454 2024 3522 ἀνέσταν

389 3560 635 3644 δήμιοι,
683 3562 755 3625 οἳ
794 3553 938 3626 κατ’
989 3559 1251 3643 ἀγῶνας
1296 3560 1373 3626 ἐὺ
1416 3564 1835 3647 πρήσσεσκον
1878 3560 2146 3628 ἕκαστα·
