<?xml version="1.0" encoding="UTF-8"?>
<!DOCTYPE html PUBLIC "-//W3C//DTD XHTML 1.0 Transitional//EN"
    "http://www.w3.org/TR/xhtml1/DTD/xhtml1-transitional.dtd">
<html xmlns="http://www.w3.org/1999/xhtml" xml:lang="en" lang="en">
 <head>
  <title>
</title>
<meta http-equiv="Content-Type" content="text/html;charset=utf-8" />
  <meta name='ocr-system' content='tesseract 3.04.00' />
  <meta name='ocr-capabilities' content='ocr_page ocr_carea ocr_par ocr_line ocrx_word'/>
</head>
<body>
  <div class='ocr_page' id='page_1' title='image "./homeriodyssea00wolfgoog_0063.png"; bbox 0 0 2646 3932; ppageno 0'>
   <div class='ocr_carea' id='block_1_1' title="bbox 1034 221 2321 285">
    <p class='ocr_par' dir='ltr' id='par_1_1' title="bbox 1034 221 2321 285">
     <span class='ocr_line' id='line_1_1' title="bbox 1034 221 2321 285; baseline 0.002 -12"><span class='ocrx_word' id='word_1_1' title='bbox 1034 221 1451 273; x_wconf 78' lang='grc' dir='ltr'><strong>ΟΔΤΣΣΕΙΔΣ</strong></span> <span class='ocrx_word' id='word_1_2' title='bbox 1487 224 1585 274; x_wconf 88' lang='lat'>111.</span> <span class='ocrx_word' id='word_1_3' title='bbox 2235 221 2321 285; x_wconf 77' lang='lat'><strong><em>35</em></strong></span> 
     </span>
    </p>
   </div>
   <div class='ocr_carea' id='block_1_2' title="bbox 255 355 2325 3693">
    <p class='ocr_par' dir='ltr' id='par_1_2' title="bbox 255 355 2325 3622">
     <span class='ocr_line' id='line_1_2' title="bbox 306 355 2062 450; baseline 0.005 -28"><span class='ocrx_word' id='word_1_4' title='bbox 306 358 507 425; x_wconf 85' lang='grc' dir='ltr'><strong><em>νύκτα</em></strong></span> <span class='ocrx_word' id='word_1_5' title='bbox 550 355 674 444; x_wconf 68' lang='grc' dir='ltr'><strong><em>μὲν</em></strong></span> <span class='ocrx_word' id='word_1_6' title='bbox 720 359 1005 447; x_wconf 76' lang='grc' dir='ltr'><strong><em>ἀέσαμεν</em></strong></span> <span class='ocrx_word' id='word_1_7' title='bbox 1048 364 1296 446; x_wconf 83' lang='grc' dir='ltr'><strong><em>χαλεπὰ</em></strong></span> <span class='ocrx_word' id='word_1_8' title='bbox 1343 362 1586 449; x_wconf 85' lang='grc' dir='ltr'><strong><em>φρεσὶν</em></strong></span> <span class='ocrx_word' id='word_1_9' title='bbox 1630 363 2062 450; x_wconf 77' lang='grc' dir='ltr'><strong><em>ὁρμαίνοντες</em></strong></span> 
     </span>
     <span class='ocr_line' id='line_1_3' title="bbox 307 463 1978 555; baseline 0.005 -28"><span class='ocrx_word' id='word_1_10' title='bbox 307 463 641 548; x_wconf 88' lang='grc' dir='ltr'><strong><em>ἀλλήλοις·</em></strong></span> <span class='ocrx_word' id='word_1_11' title='bbox 704 464 811 533; x_wconf 81' lang='grc' dir='ltr'><strong><em>ἐπὶ</em></strong></span> <span class='ocrx_word' id='word_1_12' title='bbox 855 468 984 553; x_wconf 81' lang='grc' dir='ltr'><strong><em>γὰρ</em></strong></span> <span class='ocrx_word' id='word_1_13' title='bbox 1033 471 1201 545; x_wconf 87' lang='grc' dir='ltr'><strong><em>Ζεὺς</em></strong></span> <span class='ocrx_word' id='word_1_14' title='bbox 1245 469 1446 555; x_wconf 78' lang='grc' dir='ltr'><strong><em>ἤρτυε</em></strong></span> <span class='ocrx_word' id='word_1_15' title='bbox 1493 479 1674 554; x_wconf 83' lang='grc' dir='ltr'><strong><em>πῆμα</em></strong></span> <span class='ocrx_word' id='word_1_16' title='bbox 1721 480 1978 536; x_wconf 83' lang='grc' dir='ltr'><strong><em>κακοῖο·</em></strong></span> 
     </span>
     <span class='ocr_line' id='line_1_4' title="bbox 303 568 1957 660; baseline 0.004 -25"><span class='ocrx_word' id='word_1_17' title='bbox 303 570 530 652; x_wconf 84' lang='grc' dir='ltr'><strong><em>ἠῶθεν</em></strong></span> <span class='ocrx_word' id='word_1_18' title='bbox 576 569 641 637; x_wconf 91' lang='grc' dir='ltr'><strong><em>δ’</em></strong></span> <span class='ocrx_word' id='word_1_19' title='bbox 694 572 766 637; x_wconf 74' lang='grc' dir='ltr'><strong><em>οἱ</em></strong></span> <span class='ocrx_word' id='word_1_20' title='bbox 805 568 926 657; x_wconf 69' lang='grc' dir='ltr'><strong><em>μὲν</em></strong></span> <span class='ocrx_word' id='word_1_21' title='bbox 970 572 1124 651; x_wconf 93' lang='grc' dir='ltr'><strong><em>νέας</em></strong></span> <span class='ocrx_word' id='word_1_22' title='bbox 1169 573 1446 660; x_wconf 78' lang='grc' dir='ltr'><strong><em>ἕλκομεν</em></strong></span> <span class='ocrx_word' id='word_1_23' title='bbox 1490 578 1586 653; x_wconf 81' lang='grc' dir='ltr'><strong><em>εἰς</em></strong></span> <span class='ocrx_word' id='word_1_24' title='bbox 1630 575 1756 641; x_wconf 80' lang='grc' dir='ltr'><strong><em>ἅλα</em></strong></span> <span class='ocrx_word' id='word_1_25' title='bbox 1802 576 1957 641; x_wconf 84' lang='grc' dir='ltr'><strong><em>δῖαν</em></strong></span> 
     </span>
     <span class='ocr_line' id='line_1_5' title="bbox 301 674 2190 765; baseline 0.003 -25"><span class='ocrx_word' id='word_1_26' title='bbox 301 678 593 760; x_wconf 85' lang='grc' dir='ltr'><strong><em>κτήματά</em></strong></span> <span class='ocrx_word' id='word_1_27' title='bbox 637 674 697 742; x_wconf 86' lang='grc' dir='ltr'><strong><em>τ’</em></strong></span> <span class='ocrx_word' id='word_1_28' title='bbox 750 677 1193 765; x_wconf 78' lang='grc' dir='ltr'><strong><em>ἐντιθέμεσθα</em></strong></span> <span class='ocrx_word' id='word_1_29' title='bbox 1238 682 1675 765; x_wconf 69' lang='grc' dir='ltr'><strong><em>βαθυζώνους</em></strong></span> <span class='ocrx_word' id='word_1_30' title='bbox 1718 704 1789 747; x_wconf 90' lang='grc' dir='ltr'><strong><em>τε</em></strong></span> <span class='ocrx_word' id='word_1_31' title='bbox 1833 692 2190 764; x_wconf 67' lang='grc' dir='ltr'><strong><em>γυναῖκαςξ</em></strong></span> 
     </span>
     <span class='ocr_line' id='line_1_6' title="bbox 302 779 2323 872; baseline 0.003 -25"><span class='ocrx_word' id='word_1_32' title='bbox 302 780 566 865; x_wconf 81' lang='grc' dir='ltr'><strong><em>ἡμίσεες</em></strong></span> <span class='ocrx_word' id='word_1_33' title='bbox 612 779 675 848; x_wconf 83' lang='grc' dir='ltr'><strong><em>δ’</em></strong></span> <span class='ocrx_word' id='word_1_34' title='bbox 728 785 855 868; x_wconf 81' lang='grc' dir='ltr'><strong><em>ἄρα</em></strong></span> <span class='ocrx_word' id='word_1_35' title='bbox 901 782 1051 851; x_wconf 81' lang='grc' dir='ltr'><strong><em>λαοὶ</em></strong></span> <span class='ocrx_word' id='word_1_36' title='bbox 1096 785 1456 870; x_wconf 83' lang='grc' dir='ltr'><strong><em>ἐρητύοντο</em></strong></span> <span class='ocrx_word' id='word_1_37' title='bbox 1502 785 1813 872; x_wconf 86' lang='grc' dir='ltr'><strong><em>μένοντες</em></strong></span> <span class='ocrx_word' id='word_1_38' title='bbox 2224 805 2323 853; x_wconf 88' lang='grc'><strong><em>155</em></strong></span> 
     </span>
     <span class='ocr_line' id='line_1_7' title="bbox 307 882 2045 977; baseline 0.003 -25"><span class='ocrx_word' id='word_1_39' title='bbox 307 882 474 954; x_wconf 74' lang='grc' dir='ltr'><strong><em>αὖθι</em></strong></span> <span class='ocrx_word' id='word_1_40' title='bbox 517 886 674 975; x_wconf 88' lang='grc' dir='ltr'><strong><em>παρ’</em></strong></span> <span class='ocrx_word' id='word_1_41' title='bbox 722 888 1018 977; x_wconf 79' lang='grc' dir='ltr'><strong><em>Ἀτρεΐδῃ</em></strong></span> <span class='ocrx_word' id='word_1_42' title='bbox 1058 888 1494 976; x_wconf 80' lang='grc' dir='ltr'><strong><em>Ἀγαμέμνονι</em></strong></span> <span class='ocrx_word' id='word_1_43' title='bbox 1537 892 1801 977; x_wconf 81' lang='grc' dir='ltr'><strong><em>ποιμένι</em></strong></span> <span class='ocrx_word' id='word_1_44' title='bbox 1849 898 2045 959; x_wconf 87' lang='grc' dir='ltr'><strong><em>λαῶν.</em></strong></span> 
     </span>
     <span class='ocr_line' id='line_1_8' title="bbox 303 992 2172 1083; baseline 0.004 -25"><span class='ocrx_word' id='word_1_45' title='bbox 303 993 566 1078; x_wconf 80' lang='grc' dir='ltr'><strong><em>ἡμίσεες</em></strong></span> <span class='ocrx_word' id='word_1_46' title='bbox 613 992 675 1061; x_wconf 89' lang='grc' dir='ltr'><strong><em>δ’</em></strong></span> <span class='ocrx_word' id='word_1_47' title='bbox 728 995 1092 1080; x_wconf 79' lang='grc' dir='ltr'><strong><em>ἀναβάντες</em></strong></span> <span class='ocrx_word' id='word_1_48' title='bbox 1136 996 1531 1083; x_wconf 81' lang='grc' dir='ltr'><strong><em>ἐλαύνομεν·</em></strong></span> <span class='ocrx_word' id='word_1_49' title='bbox 1595 998 1670 1065; x_wconf 80' lang='grc' dir='ltr'><strong><em>αἰ</em></strong></span> <span class='ocrx_word' id='word_1_50' title='bbox 1710 995 1784 1064; x_wconf 72' lang='grc' dir='ltr'><strong><em>δὲ</em></strong></span> <span class='ocrx_word' id='word_1_51' title='bbox 1830 996 1981 1083; x_wconf 90' lang='grc' dir='ltr'><strong><em>μάλ’</em></strong></span> <span class='ocrx_word' id='word_1_52' title='bbox 2036 995 2172 1065; x_wconf 80' lang='grc' dir='ltr'><strong><em>ὦκα</em></strong></span> 
     </span>
     <span class='ocr_line' id='line_1_9' title="bbox 307 1099 2013 1188; baseline 0.004 -25"><span class='ocrx_word' id='word_1_53' title='bbox 307 1102 572 1183; x_wconf 79' lang='grc' dir='ltr'><strong><em>ἔπλεον,</em></strong></span> <span class='ocrx_word' id='word_1_54' title='bbox 621 1100 968 1185; x_wconf 80' lang='grc' dir='ltr'><strong><em>ἐστόρεσεν</em></strong></span> <span class='ocrx_word' id='word_1_55' title='bbox 1013 1099 1087 1168; x_wconf 72' lang='grc' dir='ltr'><strong><em>δὲ</em></strong></span> <span class='ocrx_word' id='word_1_56' title='bbox 1132 1104 1294 1180; x_wconf 89' lang='grc' dir='ltr'><strong><em>θεὸς</em></strong></span> <span class='ocrx_word' id='word_1_57' title='bbox 1339 1107 1703 1188; x_wconf 79' lang='grc' dir='ltr'><strong><em>μεγακήτεα</em></strong></span> <span class='ocrx_word' id='word_1_58' title='bbox 1747 1108 2013 1171; x_wconf 81' lang='grc' dir='ltr'><strong><em>πόντον.</em></strong></span> 
     </span>
     <span class='ocr_line' id='line_1_10' title="bbox 304 1203 2039 1296; baseline 0.002 -25"><span class='ocrx_word' id='word_1_59' title='bbox 304 1204 371 1283; x_wconf 90' lang='grc' dir='ltr'><strong><em>ἐς</em></strong></span> <span class='ocrx_word' id='word_1_60' title='bbox 425 1205 711 1273; x_wconf 79' lang='grc' dir='ltr'><strong><em>Τένεδον</em></strong></span> <span class='ocrx_word' id='word_1_61' title='bbox 760 1203 823 1272; x_wconf 81' lang='grc' dir='ltr'><strong><em>δ’</em></strong></span> <span class='ocrx_word' id='word_1_62' title='bbox 875 1207 1187 1286; x_wconf 78' lang='grc' dir='ltr'><strong><em>ἐλθόντες</em></strong></span> <span class='ocrx_word' id='word_1_63' title='bbox 1232 1209 1543 1295; x_wconf 80' lang='grc' dir='ltr'><strong><em>ἐρέξαμεν</em></strong></span> <span class='ocrx_word' id='word_1_64' title='bbox 1589 1210 1700 1296; x_wconf 79' lang='grc' dir='ltr'><strong><em>ίρὰ</em></strong></span> <span class='ocrx_word' id='word_1_65' title='bbox 1743 1215 2039 1293; x_wconf 84' lang='grc' dir='ltr'><strong><em>θεοῖσιν,</em></strong></span> 
     </span>
     <span class='ocr_line' id='line_1_11' title="bbox 304 1311 2325 1400; baseline 0.003 -24"><span class='ocrx_word' id='word_1_66' title='bbox 304 1313 530 1378; x_wconf 75' lang='grc' dir='ltr'><strong><em>οἴκαδε</em></strong></span> <span class='ocrx_word' id='word_1_67' title='bbox 579 1311 854 1397; x_wconf 73' lang='grc' dir='ltr'><strong><em>ἱέμενοι·</em></strong></span> <span class='ocrx_word' id='word_1_68' title='bbox 921 1316 1089 1392; x_wconf 84' lang='grc' dir='ltr'><strong><em>Ζεὺς</em></strong></span> <span class='ocrx_word' id='word_1_69' title='bbox 1135 1313 1199 1380; x_wconf 91' lang='grc' dir='ltr'><strong><em>δ’</em></strong></span> <span class='ocrx_word' id='word_1_70' title='bbox 1253 1315 1337 1380; x_wconf 79' lang='grc' dir='ltr'><strong><em>οὔ</em></strong></span> <span class='ocrx_word' id='word_1_71' title='bbox 1381 1337 1482 1382; x_wconf 88' lang='grc' dir='ltr'><strong><em>πω</em></strong></span> <span class='ocrx_word' id='word_1_72' title='bbox 1529 1317 1773 1400; x_wconf 90' lang='grc' dir='ltr'><strong><em>μήδετο</em></strong></span> <span class='ocrx_word' id='word_1_73' title='bbox 1817 1319 2092 1399; x_wconf 87' lang='grc' dir='ltr'><strong><em>νόστον,</em></strong></span> <span class='ocrx_word' id='word_1_74' title='bbox 2222 1333 2325 1382; x_wconf 79' lang='grc'><strong><em>160</em></strong></span> 
     </span>
     <span class='ocr_line' id='line_1_12' title="bbox 303 1415 2288 1508; baseline 0.002 -26"><span class='ocrx_word' id='word_1_75' title='bbox 303 1415 629 1501; x_wconf 89' lang='grc' dir='ltr'><strong><em>σχέτλιος,</em></strong></span> <span class='ocrx_word' id='word_1_76' title='bbox 676 1419 750 1496; x_wconf 81' lang='grc' dir='ltr'><strong><em>ὅς</em></strong></span> <span class='ocrx_word' id='word_1_77' title='bbox 793 1416 857 1505; x_wconf 73' lang='grc' dir='ltr'><strong><em>ῤ’</em></strong></span> <span class='ocrx_word' id='word_1_78' title='bbox 908 1422 1052 1506; x_wconf 81' lang='grc' dir='ltr'><strong><em>ἔριν</em></strong></span> <span class='ocrx_word' id='word_1_79' title='bbox 1099 1416 1270 1505; x_wconf 81' lang='grc' dir='ltr'><strong><em>ὦρσε</em></strong></span> <span class='ocrx_word' id='word_1_80' title='bbox 1315 1423 1527 1505; x_wconf 85' lang='grc' dir='ltr'><strong><em>κακὴν</em></strong></span> <span class='ocrx_word' id='word_1_81' title='bbox 1573 1425 1681 1488; x_wconf 81' lang='grc' dir='ltr'><strong><em>ἔπι</em></strong></span> <span class='ocrx_word' id='word_1_82' title='bbox 1726 1422 2041 1508; x_wconf 88' lang='grc' dir='ltr'><strong><em>δεύτερον</em></strong></span> <span class='ocrx_word' id='word_1_83' title='bbox 2086 1416 2288 1498; x_wconf 87' lang='grc' dir='ltr'><strong><em>αὖτις.</em></strong></span> 
     </span>
     <span class='ocr_line' id='line_1_13' title="bbox 304 1520 1995 1611; baseline 0.002 -22"><span class='ocrx_word' id='word_1_84' title='bbox 304 1524 377 1589; x_wconf 73' lang='grc' dir='ltr'><strong><em>οἱ</em></strong></span> <span class='ocrx_word' id='word_1_85' title='bbox 415 1520 535 1607; x_wconf 71' lang='grc' dir='ltr'><strong><em>μὲν</em></strong></span> <span class='ocrx_word' id='word_1_86' title='bbox 583 1524 1111 1611; x_wconf 59' lang='grc' dir='ltr'><strong><em>ἀποστρέψαντες</em></strong></span> <span class='ocrx_word' id='word_1_87' title='bbox 1156 1529 1317 1610; x_wconf 83' lang='grc' dir='ltr'><strong><em>ἔβαν</em></strong></span> <span class='ocrx_word' id='word_1_88' title='bbox 1362 1526 1517 1604; x_wconf 85' lang='grc' dir='ltr'><strong><em>νέας</em></strong></span> <span class='ocrx_word' id='word_1_89' title='bbox 1562 1526 1995 1611; x_wconf 84' lang='grc' dir='ltr'><strong><em>ἀμφιελίσσας</em></strong></span> 
     </span>
     <span class='ocr_line' id='line_1_14' title="bbox 305 1626 2030 1718; baseline 0.002 -24"><span class='ocrx_word' id='word_1_90' title='bbox 305 1626 467 1713; x_wconf 84' lang='grc' dir='ltr'><strong><em>ἀμφ’</em></strong></span> <span class='ocrx_word' id='word_1_91' title='bbox 515 1627 800 1712; x_wconf 86' lang='grc' dir='ltr'><strong><em>Ὀδυσῆα</em></strong></span> <span class='ocrx_word' id='word_1_92' title='bbox 846 1632 1093 1698; x_wconf 80' lang='grc' dir='ltr'><strong><em>ἄνακτα</em></strong></span> <span class='ocrx_word' id='word_1_93' title='bbox 1141 1633 1476 1718; x_wconf 88' lang='grc' dir='ltr'><strong><em>δαΐφρονα</em></strong></span> <span class='ocrx_word' id='word_1_94' title='bbox 1521 1636 2030 1718; x_wconf 84' lang='grc' dir='ltr'><strong><em>ποικιλομήτην,</em></strong></span> 
     </span>
     <span class='ocr_line' id='line_1_15' title="bbox 307 1729 2023 1824; baseline 0.003 -25"><span class='ocrx_word' id='word_1_95' title='bbox 307 1729 493 1811; x_wconf 85' lang='grc' dir='ltr'><strong><em>αὖτις</em></strong></span> <span class='ocrx_word' id='word_1_96' title='bbox 541 1732 640 1800; x_wconf 89' lang='grc' dir='ltr'><strong><em>ἐπ’</em></strong></span> <span class='ocrx_word' id='word_1_97' title='bbox 688 1732 983 1821; x_wconf 78' lang='grc' dir='ltr'><strong><em>Ἀτρεΐδῃ</em></strong></span> <span class='ocrx_word' id='word_1_98' title='bbox 1023 1734 1461 1822; x_wconf 88' lang='grc' dir='ltr'><strong><em>Ἀγαμέμνονι</em></strong></span> <span class='ocrx_word' id='word_1_99' title='bbox 1504 1733 1634 1824; x_wconf 86' lang='grc' dir='ltr'><strong><em>ἦρα</em></strong></span> <span class='ocrx_word' id='word_1_100' title='bbox 1680 1738 2023 1823; x_wconf 89' lang='grc' dir='ltr'><strong><em>φέροντες·</em></strong></span> 
     </span>
     <span class='ocr_line' id='line_1_16' title="bbox 307 1840 2322 1927; baseline 0.002 -22"><span class='ocrx_word' id='word_1_101' title='bbox 307 1840 514 1927; x_wconf 77' lang='grc' dir='ltr'><strong><em>αὐτὰρ</em></strong></span> <span class='ocrx_word' id='word_1_102' title='bbox 562 1840 688 1924; x_wconf 80' lang='grc' dir='ltr'><strong><em>ἐγὼ</em></strong></span> <span class='ocrx_word' id='word_1_103' title='bbox 736 1845 865 1907; x_wconf 86' lang='grc' dir='ltr'><strong><em>σὺν</em></strong></span> <span class='ocrx_word' id='word_1_104' title='bbox 909 1841 1151 1927; x_wconf 83' lang='grc' dir='ltr'><strong><em>νηυσὶν</em></strong></span> <span class='ocrx_word' id='word_1_105' title='bbox 1198 1843 1537 1926; x_wconf 78' lang='grc' dir='ltr'><strong><em>ἀολλέσιν,</em></strong></span> <span class='ocrx_word' id='word_1_106' title='bbox 1585 1845 1659 1909; x_wconf 81' lang='grc' dir='ltr'><strong><em>αἴ</em></strong></span> <span class='ocrx_word' id='word_1_107' title='bbox 1699 1868 1811 1927; x_wconf 87' lang='grc' dir='ltr'><strong><em>μοι</em></strong></span> <span class='ocrx_word' id='word_1_108' title='bbox 1858 1844 2127 1924; x_wconf 79' lang='grc' dir='ltr'><strong><em>ἕποντο,</em></strong></span> <span class='ocrx_word' id='word_1_109' title='bbox 2226 1862 2322 1911; x_wconf 84' lang='grc'><strong><em>165</em></strong></span> 
     </span>
     <span class='ocr_line' id='line_1_17' title="bbox 255 1946 2279 2035; baseline 0.001 -22"><span class='ocrx_word' id='word_1_110' title='bbox 255 1995 265 2002; x_wconf 56' lang='lat'>&gt;</span> <span class='ocrx_word' id='word_1_111' title='bbox 306 1956 590 2031; x_wconf 89' lang='grc' dir='ltr'><strong><em>φεῦγον,</em></strong></span> <span class='ocrx_word' id='word_1_112' title='bbox 639 1946 779 2014; x_wconf 83' lang='grc' dir='ltr'><strong><em>ἐπεὶ</em></strong></span> <span class='ocrx_word' id='word_1_113' title='bbox 824 1951 1229 2033; x_wconf 87' lang='grc' dir='ltr'><strong><em>γίγνωσκον,</em></strong></span> <span class='ocrx_word' id='word_1_114' title='bbox 1276 1948 1312 2015; x_wconf 84' lang='grc' dir='ltr'>ὃ</span> <span class='ocrx_word' id='word_1_115' title='bbox 1362 1951 1445 2034; x_wconf 83' lang='grc' dir='ltr'><strong><em>δὴ</em></strong></span> <span class='ocrx_word' id='word_1_116' title='bbox 1492 1950 1658 2017; x_wconf 79' lang='grc' dir='ltr'><strong><em>κακὰ</em></strong></span> <span class='ocrx_word' id='word_1_117' title='bbox 1704 1952 1946 2035; x_wconf 87' lang='grc' dir='ltr'><strong><em>μήδετο</em></strong></span> <span class='ocrx_word' id='word_1_118' title='bbox 1994 1951 2279 2035; x_wconf 88' lang='grc' dir='ltr'><strong><em>δαίμων·</em></strong></span> 
     </span>
     <span class='ocr_line' id='line_1_18' title="bbox 307 2051 2135 2143; baseline 0.001 -24"><span class='ocrx_word' id='word_1_119' title='bbox 307 2063 511 2138; x_wconf 86' lang='grc' dir='ltr'><strong><em>φεῦγε</em></strong></span> <span class='ocrx_word' id='word_1_120' title='bbox 559 2051 633 2120; x_wconf 73' lang='grc' dir='ltr'><strong><em>δὲ</em></strong></span> <span class='ocrx_word' id='word_1_121' title='bbox 687 2054 934 2132; x_wconf 84' lang='grc' dir='ltr'><strong><em>Τυδέος</em></strong></span> <span class='ocrx_word' id='word_1_122' title='bbox 978 2056 1126 2133; x_wconf 83' lang='grc' dir='ltr'><strong><em>υίὸς</em></strong></span> <span class='ocrx_word' id='word_1_123' title='bbox 1172 2055 1433 2140; x_wconf 87' lang='grc' dir='ltr'><strong><em>ἀρήιος,</em></strong></span> <span class='ocrx_word' id='word_1_124' title='bbox 1482 2052 1652 2140; x_wconf 83' lang='grc' dir='ltr'><strong><em>ὦρσε</em></strong></span> <span class='ocrx_word' id='word_1_125' title='bbox 1701 2055 1763 2122; x_wconf 90' lang='grc' dir='ltr'><strong><em>δ’</em></strong></span> <span class='ocrx_word' id='word_1_126' title='bbox 1818 2056 2135 2143; x_wconf 80' lang='grc' dir='ltr'><strong><em>ἑταίρους.</em></strong></span> 
     </span>
     <span class='ocr_line' id='line_1_19' title="bbox 306 2156 1906 2245; baseline 0.002 -20"><span class='ocrx_word' id='word_1_127' title='bbox 306 2156 427 2237; x_wconf 73' lang='grc' dir='ltr'><strong><em>ὀψὲ</em></strong></span> <span class='ocrx_word' id='word_1_128' title='bbox 475 2156 547 2226; x_wconf 73' lang='grc' dir='ltr'><strong><em>δὲ</em></strong></span> <span class='ocrx_word' id='word_1_129' title='bbox 594 2161 676 2243; x_wconf 89' lang='grc' dir='ltr'><strong><em>δὴ</em></strong></span> <span class='ocrx_word' id='word_1_130' title='bbox 724 2161 883 2244; x_wconf 81' lang='grc' dir='ltr'><strong><em>μετὰ</em></strong></span> <span class='ocrx_word' id='word_1_131' title='bbox 928 2172 1051 2226; x_wconf 81' lang='grc' dir='ltr'><strong><em>νῶι</em></strong></span> <span class='ocrx_word' id='word_1_132' title='bbox 1096 2165 1194 2226; x_wconf 87' lang='grc' dir='ltr'><strong><em>κιέ</em></strong></span> <span class='ocrx_word' id='word_1_133' title='bbox 1242 2163 1489 2241; x_wconf 79' lang='grc' dir='ltr'><strong><em>ξανθὸς</em></strong></span> <span class='ocrx_word' id='word_1_134' title='bbox 1532 2161 1906 2245; x_wconf 86' lang='grc' dir='ltr'><strong><em>Μενέλαος,</em></strong></span> 
     </span>
     <span class='ocr_line' id='line_1_20' title="bbox 305 2264 2118 2354; baseline 0.001 -23"><span class='ocrx_word' id='word_1_135' title='bbox 305 2266 380 2332; x_wconf 82' lang='grc' dir='ltr'><strong><em>ἐν</em></strong></span> <span class='ocrx_word' id='word_1_136' title='bbox 426 2265 662 2354; x_wconf 80' lang='grc' dir='ltr'><strong><em>Λέσβςο</em></strong></span> <span class='ocrx_word' id='word_1_137' title='bbox 711 2264 772 2332; x_wconf 87' lang='grc' dir='ltr'><strong><em>δ’</em></strong></span> <span class='ocrx_word' id='word_1_138' title='bbox 825 2269 1039 2351; x_wconf 80' lang='grc' dir='ltr'><strong><em>ἔκιχεν</em></strong></span> <span class='ocrx_word' id='word_1_139' title='bbox 1085 2269 1354 2352; x_wconf 88' lang='grc' dir='ltr'><strong><em>δολιχὸν</em></strong></span> <span class='ocrx_word' id='word_1_140' title='bbox 1400 2271 1608 2335; x_wconf 90' lang='grc' dir='ltr'><strong><em>πλόον</em></strong></span> <span class='ocrx_word' id='word_1_141' title='bbox 1655 2268 2118 2352; x_wconf 86' lang='grc' dir='ltr'><strong><em>ὁρμαίνοντας,</em></strong></span> 
     </span>
     <span class='ocr_line' id='line_1_21' title="bbox 306 2372 2322 2457; baseline 0 -18"><span class='ocrx_word' id='word_1_142' title='bbox 306 2372 347 2456; x_wconf 80' lang='grc' dir='ltr'>ἢ</span> <span class='ocrx_word' id='word_1_143' title='bbox 392 2374 780 2456; x_wconf 81' lang='grc' dir='ltr'><strong><em>καθύπερθε</em></strong></span> <span class='ocrx_word' id='word_1_144' title='bbox 827 2376 1018 2439; x_wconf 89' lang='grc' dir='ltr'><strong><em>Χίοιο</em></strong></span> <span class='ocrx_word' id='word_1_145' title='bbox 1062 2376 1382 2457; x_wconf 87' lang='grc' dir='ltr'><strong><em>νεοίμεθα</em></strong></span> <span class='ocrx_word' id='word_1_146' title='bbox 1425 2373 1942 2457; x_wconf 87' lang='grc' dir='ltr'><strong><em>παιπαλοέσσης,</em></strong></span> <span class='ocrx_word' id='word_1_147' title='bbox 2223 2391 2322 2440; x_wconf 84' lang='grc'><strong><em>170</em></strong></span> 
     </span>
     <span class='ocr_line' id='line_1_22' title="bbox 308 2475 2100 2564; baseline 0.001 -22"><span class='ocrx_word' id='word_1_148' title='bbox 308 2482 520 2563; x_wconf 84' lang='grc' dir='ltr'><strong><em>νήσου</em></strong></span> <span class='ocrx_word' id='word_1_149' title='bbox 564 2481 669 2543; x_wconf 82' lang='grc' dir='ltr'><strong><em>ἔπι</em></strong></span> <span class='ocrx_word' id='word_1_150' title='bbox 730 2482 1013 2563; x_wconf 81' lang='grc' dir='ltr'><strong><em>Ψυρίης,</em></strong></span> <span class='ocrx_word' id='word_1_151' title='bbox 1062 2478 1272 2562; x_wconf 88' lang='grc' dir='ltr'><strong><em>αὐτὴν</em></strong></span> <span class='ocrx_word' id='word_1_152' title='bbox 1315 2477 1419 2544; x_wconf 82' lang='grc' dir='ltr'><strong><em>ἐπ’</em></strong></span> <span class='ocrx_word' id='word_1_153' title='bbox 1472 2475 1759 2564; x_wconf 86' lang='grc' dir='ltr'><strong><em>ἀριστέρ’</em></strong></span> <span class='ocrx_word' id='word_1_154' title='bbox 1812 2481 2100 2563; x_wconf 81' lang='grc' dir='ltr'><strong><em>ἔχοντες,</em></strong></span> 
     </span>
     <span class='ocr_line' id='line_1_23' title="bbox 306 2578 1957 2670; baseline 0 -21"><span class='ocrx_word' id='word_1_155' title='bbox 306 2578 347 2667; x_wconf 85' lang='grc' dir='ltr'><strong><em>ἦ</em></strong></span> <span class='ocrx_word' id='word_1_156' title='bbox 394 2582 719 2668; x_wconf 86' lang='grc' dir='ltr'><strong><em>ὑπένερθε</em></strong></span> <span class='ocrx_word' id='word_1_157' title='bbox 768 2587 958 2651; x_wconf 87' lang='grc' dir='ltr'><strong><em>Χίοιο</em></strong></span> <span class='ocrx_word' id='word_1_158' title='bbox 1005 2582 1161 2670; x_wconf 90' lang='grc' dir='ltr'><strong><em>παρ’</em></strong></span> <span class='ocrx_word' id='word_1_159' title='bbox 1215 2585 1576 2670; x_wconf 84' lang='grc' dir='ltr'><strong><em>ἠνεμόεντα</em></strong></span> <span class='ocrx_word' id='word_1_160' title='bbox 1623 2587 1957 2668; x_wconf 90' lang='grc' dir='ltr'><strong><em>Μίμαντα.</em></strong></span> 
     </span>
     <span class='ocr_line' id='line_1_24' title="bbox 307 2685 2101 2775; baseline 0.001 -21"><span class='ocrx_word' id='word_1_161' title='bbox 307 2686 581 2773; x_wconf 78' lang='grc' dir='ltr'><strong><em>ᾐτέομεν</em></strong></span> <span class='ocrx_word' id='word_1_162' title='bbox 627 2685 700 2755; x_wconf 74' lang='grc' dir='ltr'><strong><em>δὲ</em></strong></span> <span class='ocrx_word' id='word_1_163' title='bbox 744 2690 911 2755; x_wconf 89' lang='grc' dir='ltr'><strong><em>θεὸν</em></strong></span> <span class='ocrx_word' id='word_1_164' title='bbox 956 2699 1164 2774; x_wconf 83' lang='grc' dir='ltr'><strong><em>φῆναι</em></strong></span> <span class='ocrx_word' id='word_1_165' title='bbox 1208 2690 1426 2775; x_wconf 83' lang='grc' dir='ltr'><strong><em>τέρας·</em></strong></span> <span class='ocrx_word' id='word_1_166' title='bbox 1492 2690 1699 2775; x_wconf 80' lang='grc' dir='ltr'><strong><em>αὐτὰρ</em></strong></span> <span class='ocrx_word' id='word_1_167' title='bbox 1746 2689 1783 2756; x_wconf 82' lang='grc' dir='ltr'>ὅ</span> <span class='ocrx_word' id='word_1_168' title='bbox 1828 2687 1890 2773; x_wconf 89' lang='grc' dir='ltr'><strong><em>γ’</em></strong></span> <span class='ocrx_word' id='word_1_169' title='bbox 1942 2691 2101 2774; x_wconf 80' lang='grc' dir='ltr'><strong><em>ἥμιν</em></strong></span> 
     </span>
     <span class='ocr_line' id='line_1_25' title="bbox 309 2792 1977 2880; baseline 0.001 -20"><span class='ocrx_word' id='word_1_170' title='bbox 309 2795 476 2874; x_wconf 80' lang='grc' dir='ltr'><strong><em>δεῖξε</em></strong></span> <span class='ocrx_word' id='word_1_171' title='bbox 521 2793 631 2861; x_wconf 90' lang='grc' dir='ltr'><strong><em>καὶ</em></strong></span> <span class='ocrx_word' id='word_1_172' title='bbox 676 2796 916 2878; x_wconf 84' lang='grc' dir='ltr'><strong><em>ἠνώγει</em></strong></span> <span class='ocrx_word' id='word_1_173' title='bbox 961 2793 1242 2878; x_wconf 88' lang='grc' dir='ltr'><strong><em>πέλαγος</em></strong></span> <span class='ocrx_word' id='word_1_174' title='bbox 1287 2795 1492 2880; x_wconf 86' lang='grc' dir='ltr'><strong><em>μέσον</em></strong></span> <span class='ocrx_word' id='word_1_175' title='bbox 1536 2798 1632 2873; x_wconf 77' lang='grc' dir='ltr'><strong><em>εἰς</em></strong></span> <span class='ocrx_word' id='word_1_176' title='bbox 1670 2792 1977 2880; x_wconf 88' lang='grc' dir='ltr'><strong><em>Ἐύβοιαν</em></strong></span> 
     </span>
     <span class='ocr_line' id='line_1_26' title="bbox 307 2899 2319 2986; baseline 0.002 -21"><span class='ocrx_word' id='word_1_177' title='bbox 307 2899 598 2985; x_wconf 89' lang='grc' dir='ltr'><strong><em>τέμνειν,</em></strong></span> <span class='ocrx_word' id='word_1_178' title='bbox 645 2903 823 2985; x_wconf 79' lang='grc' dir='ltr'><strong><em>ὄφρα</em></strong></span> <span class='ocrx_word' id='word_1_179' title='bbox 867 2901 1137 2986; x_wconf 83' lang='grc' dir='ltr'><strong><em>τάχιστα</em></strong></span> <span class='ocrx_word' id='word_1_180' title='bbox 1183 2899 1349 2966; x_wconf 77' lang='grc' dir='ltr'><strong><em>ὑπὲκ</em></strong></span> <span class='ocrx_word' id='word_1_181' title='bbox 1393 2904 1716 2985; x_wconf 87' lang='grc' dir='ltr'><strong><em>κακότητα</em></strong></span> <span class='ocrx_word' id='word_1_182' title='bbox 1761 2903 2105 2986; x_wconf 77' lang='grc' dir='ltr'><strong><em>φύγοιμεν.</em></strong></span> <span class='ocrx_word' id='word_1_183' title='bbox 2220 2920 2319 2970; x_wconf 81' lang='grc'><strong><em>175</em></strong></span> 
     </span>
     <span class='ocr_line' id='line_1_27' title="bbox 256 3002 2213 3096; baseline 0.002 -25"><span class='ocrx_word' id='word_1_184' title='bbox 256 3086 266 3096; x_wconf 27' lang='grc' dir='ltr'>Ο</span> <span class='ocrx_word' id='word_1_185' title='bbox 308 3003 479 3092; x_wconf 84' lang='grc' dir='ltr'><strong><em>ὦρτο</em></strong></span> <span class='ocrx_word' id='word_1_186' title='bbox 526 3003 589 3072; x_wconf 84' lang='grc' dir='ltr'><strong><em>δ’</em></strong></span> <span class='ocrx_word' id='word_1_187' title='bbox 641 3005 746 3073; x_wconf 88' lang='grc' dir='ltr'><strong><em>ἐπὶ</em></strong></span> <span class='ocrx_word' id='word_1_188' title='bbox 792 3009 980 3089; x_wconf 82' lang='grc' dir='ltr'><strong><em>λιγὺς</em></strong></span> <span class='ocrx_word' id='word_1_189' title='bbox 1026 3002 1226 3091; x_wconf 85' lang='grc' dir='ltr'><strong><em>οὖρος</em></strong></span> <span class='ocrx_word' id='word_1_190' title='bbox 1270 3007 1577 3091; x_wconf 87' lang='grc' dir='ltr'><strong><em>ἀήμεναι·</em></strong></span> <span class='ocrx_word' id='word_1_191' title='bbox 1641 3008 1714 3072; x_wconf 74' lang='grc' dir='ltr'><strong><em>αἱ</em></strong></span> <span class='ocrx_word' id='word_1_192' title='bbox 1755 3003 1828 3073; x_wconf 73' lang='grc' dir='ltr'><strong><em>δὲ</em></strong></span> <span class='ocrx_word' id='word_1_193' title='bbox 1874 3007 2023 3090; x_wconf 85' lang='grc' dir='ltr'><strong><em>μάλ’</em></strong></span> <span class='ocrx_word' id='word_1_194' title='bbox 2078 3005 2213 3074; x_wconf 84' lang='grc' dir='ltr'><strong><em>ὦκα</em></strong></span> 
     </span>
     <span class='ocr_line' id='line_1_28' title="bbox 309 3109 2073 3198; baseline 0.002 -22"><span class='ocrx_word' id='word_1_195' title='bbox 309 3115 663 3197; x_wconf 82' lang='grc' dir='ltr'><strong><em>ἰχθυόεντα</em></strong></span> <span class='ocrx_word' id='word_1_196' title='bbox 708 3112 993 3178; x_wconf 88' lang='grc' dir='ltr'><strong><em>κέλευθα</em></strong></span> <span class='ocrx_word' id='word_1_197' title='bbox 1042 3111 1432 3198; x_wconf 90' lang='grc' dir='ltr'><strong><em>διέδραμον,</em></strong></span> <span class='ocrx_word' id='word_1_198' title='bbox 1479 3112 1545 3190; x_wconf 90' lang='grc' dir='ltr'><strong><em>ἐς</em></strong></span> <span class='ocrx_word' id='word_1_199' title='bbox 1591 3109 1665 3178; x_wconf 74' lang='grc' dir='ltr'><strong><em>δὲ</em></strong></span> <span class='ocrx_word' id='word_1_200' title='bbox 1713 3116 2073 3197; x_wconf 88' lang='grc' dir='ltr'><strong><em>Γεραιστὸν</em></strong></span> 
     </span>
     <span class='ocr_line' id='line_1_29' title="bbox 306 3215 1956 3303; baseline 0.001 -20"><span class='ocrx_word' id='word_1_201' title='bbox 306 3219 602 3303; x_wconf 81' lang='grc' dir='ltr'><strong><em>ἐννύχιαι</em></strong></span> <span class='ocrx_word' id='word_1_202' title='bbox 647 3220 1040 3301; x_wconf 76' lang='grc' dir='ltr'><strong><em>κατάγοντο·</em></strong></span> <span class='ocrx_word' id='word_1_203' title='bbox 1107 3220 1528 3284; x_wconf 78' lang='grc' dir='ltr'><strong><em>Ποσειδάωνι</em></strong></span> <span class='ocrx_word' id='word_1_204' title='bbox 1573 3215 1647 3284; x_wconf 74' lang='grc' dir='ltr'><strong><em>δὲ</em></strong></span> <span class='ocrx_word' id='word_1_205' title='bbox 1693 3220 1956 3303; x_wconf 84' lang='grc' dir='ltr'><strong><em>ταύρων</em></strong></span> 
     </span>
     <span class='ocr_line' id='line_1_30' title="bbox 306 3322 2206 3409; baseline -0.001 -20"><span class='ocrx_word' id='word_1_206' title='bbox 306 3322 494 3389; x_wconf 88' lang='grc' dir='ltr'><strong><em>πόλλ’</em></strong></span> <span class='ocrx_word' id='word_1_207' title='bbox 547 3322 653 3390; x_wconf 84' lang='grc' dir='ltr'><strong><em>ἐπὶ</em></strong></span> <span class='ocrx_word' id='word_1_208' title='bbox 698 3322 851 3408; x_wconf 86' lang='grc' dir='ltr'><strong><em>μῆρ’</em></strong></span> <span class='ocrx_word' id='word_1_209' title='bbox 904 3326 1174 3409; x_wconf 81' lang='grc' dir='ltr'><strong><em>ἔθεμεν,</em></strong></span> <span class='ocrx_word' id='word_1_210' title='bbox 1219 3323 1502 3407; x_wconf 86' lang='grc' dir='ltr'><strong><em>πέλαγος</em></strong></span> <span class='ocrx_word' id='word_1_211' title='bbox 1546 3323 1712 3409; x_wconf 89' lang='grc' dir='ltr'><strong><em>μέγα</em></strong></span> <span class='ocrx_word' id='word_1_212' title='bbox 1757 3328 2206 3408; x_wconf 86' lang='grc' dir='ltr'><strong><em>μετρήσαντες.</em></strong></span> 
     </span>
     <span class='ocr_line' id='line_1_31' title="bbox 304 3425 2315 3524; baseline 0 -30"><span class='ocrx_word' id='word_1_213' title='bbox 304 3428 617 3514; x_wconf 90' lang='grc' dir='ltr'><strong><em>τέτρατον</em></strong></span> <span class='ocrx_word' id='word_1_214' title='bbox 660 3425 837 3524; x_wconf 81' lang='grc' dir='ltr'><strong><em>ᾖμαρ</em></strong></span> <span class='ocrx_word' id='word_1_215' title='bbox 885 3433 1031 3515; x_wconf 84' lang='grc' dir='ltr'><strong><em>ἔην,</em></strong></span> <span class='ocrx_word' id='word_1_216' title='bbox 1077 3427 1174 3495; x_wconf 79' lang='grc' dir='ltr'><strong><em>ὅτ’</em></strong></span> <span class='ocrx_word' id='word_1_217' title='bbox 1226 3430 1301 3495; x_wconf 85' lang='grc' dir='ltr'><strong><em>έν</em></strong></span> <span class='ocrx_word' id='word_1_218' title='bbox 1328 3429 1563 3514; x_wconf 71' lang='grc' dir='ltr'><strong><em>’Ἁργεῖ</em></strong></span> <span class='ocrx_word' id='word_1_219' title='bbox 1602 3438 1766 3510; x_wconf 85' lang='grc' dir='ltr'><strong><em>νῆας</em></strong></span> <span class='ocrx_word' id='word_1_220' title='bbox 1811 3428 1990 3506; x_wconf 88' lang='grc' dir='ltr'><strong><em>ἐίσας</em></strong></span> <span class='ocrx_word' id='word_1_221' title='bbox 2218 3448 2315 3496; x_wconf 82' lang='grc'><strong><em>180</em></strong></span> 
     </span>
     <span class='ocr_line' id='line_1_32' title="bbox 314 3535 1775 3622; baseline 0.002 -23"><span class='ocrx_word' id='word_1_222' title='bbox 314 3536 644 3601; x_wconf 82' lang='grc' dir='ltr'><strong><em>Τυδεΐδεω</em></strong></span> <span class='ocrx_word' id='word_1_223' title='bbox 690 3535 909 3622; x_wconf 81' lang='grc' dir='ltr'><strong><em>ἕταροι</em></strong></span> <span class='ocrx_word' id='word_1_224' title='bbox 957 3536 1331 3619; x_wconf 87' lang='grc' dir='ltr'><strong><em>Διομήδεος</em></strong></span> <span class='ocrx_word' id='word_1_225' title='bbox 1378 3536 1775 3619; x_wconf 78' lang='grc' dir='ltr'><strong><em>ἱπποδάμοιο</em></strong></span> 
     </span>
    </p>

    <p class='ocr_par' dir='ltr' id='par_1_3' title="bbox 1813 3641 1887 3693">
     <span class='ocr_line' id='line_1_33' title="bbox 1813 3641 1887 3693; baseline 0 -20"><span class='ocrx_word' id='word_1_226' title='bbox 1813 3641 1887 3693; x_wconf 73' lang='grc'><strong><em>3*</em></strong></span> 
     </span>
    </p>
   </div>
  </div>
 </body>
</html>
