2646 3932
426 163 505 227 17
511 163 553 228 6
1156 165 1574 218 οΔΤΣΣΕῙΑΣ
1612 166 1681 218 Α.

421 303 462 390 ἦ
507 310 580 373 τί
617 331 731 392 μοι
776 309 1057 373 εἴδωλον
1100 301 1240 372 τόδ’
1291 306 1506 390 ἀγαυὴ
1556 308 2014 393 Περσεφόνεια

423 406 691 496 ὤτρυν’,
737 406 893 498 ὄφρ’
943 414 1040 477 ἔτι
1084 417 1337 496 μᾶλλον
1384 411 1791 496 ὀδυρόμενος
1838 411 2245 494 στεναχίζως(

511 511 600 593 ὥς
645 516 937 602 ἐφάμην,
981 516 1024 600 ἡ
1072 512 1134 581 δ’
1185 512 1397 582 αὐτίκ’
1449 515 1749 601 ἀμείβετο
1786 519 2022 582 πότνια
2060 518 2300 602 μήτηρ·
2337 532 2453 583 215

422 623 501 705 ,ὤ
549 646 694 707 μοι,
739 620 975 688 τέκνον
1020 621 1210 707 ἐμόν,
1255 621 1407 709 περὶ
1452 623 1721 689 πάντων
1765 624 2059 709 κάμμορε
2105 633 2383 707 φωτῶν,

423 729 506 793 οῦ
550 731 623 793 τί
662 745 737 794 σε
785 731 1243 813 Περσεφόνεια
1296 730 1465 807 Διὸς
1508 731 1812 816 θυγάτηρ
1870 728 2257 812 ἀπαφίσκει,

423 828 566 898 ἀλλ’
619 833 785 918 αῦτη
833 834 983 917 δίκη
1029 833 1168 899 ἐστὶ
1213 838 1504 921 βροτῶν,
1551 834 1658 900 ὅτε
1704 837 1803 911 τίς
1846 857 1920 899 κε
1964 834 2286 919 θάνῃσιν·

424 938 507 1004 οὐ
550 940 678 1026 γὰρ
724 942 820 1005 ἔτι
866 940 1113 1024 σάρκας
1155 964 1225 1006 τε
1270 938 1384 1007 καὶ
1429 939 1623 1007 ὀστέα
1671 936 1805 1017 ἶνες
1849 943 2148 1024 ἔχουσιν,

424 1044 590 1111 ἀλλὰ
634 1047 715 1111 τὰ
760 1045 882 1131 μέν
926 1070 996 1112 τε
1039 1048 1249 1133 πυρὸς
1291 1048 1614 1131 κρατερὸν
1660 1045 1857 1132 μένος
1901 1043 2292 1129 αἰθομένοιο
2344 1062 2457 1110 220

423 1153 674 1239 δαμνᾷ,
720 1151 868 1218 ἐπεί
904 1176 977 1218 κε
1021 1164 1249 1239 πρῶτα
1293 1156 1452 1238 λίπῃ
1498 1146 1676 1218 λεύκ’
1727 1150 1922 1217 ὀστέα
1964 1154 2213 1236 θυμός,

422 1259 601 1342 ψυχὴ
650 1253 712 1322 δ’
763 1253 907 1340 ἠύτ’
960 1260 1218 1345 ὄνειρος
1265 1258 1689 1344 ἀποπταμένη
1735 1260 2108 1342 πεπότηται.

424 1362 590 1427 ἀλλὰ
635 1363 900 1448 φόωσδε
946 1363 1216 1447 τάχιστα
1261 1367 1539 1429 λιλαίεο·
1583 1371 1791 1428 ταῦτα
1837 1359 1911 1428 δὲ
1954 1363 2169 1428 πάντα

425 1461 594 1550 ἴσθ’,
641 1468 753 1533 ἵνα
797 1467 909 1534 καὶ
953 1470 1313 1553 μετόπισθε
1358 1479 1470 1554 τεῇ
1516 1476 1809 1555 εἴπῃσθα
1852 1470 2163 1551 γυναικίέ

512 1584 637 1639 νῶι
680 1570 802 1658 μὲν
849 1570 938 1652 ὥς
974 1572 1276 1640 ἐπέεσσιν
1313 1570 1728 1659 ἀμειβόμεθ’,
1776 1575 1851 1639 αἰ
1883 1570 1956 1639 δὲ
1991 1584 2301 1657 γυναῖκες
2344 1591 2454 1639 225

428 1679 714 1762 ἤλυθον,
761 1681 1058 1764 ὤτρυνεν
1100 1681 1229 1766 γὰρ
1276 1678 1491 1764 ἀγαυὴ
1532 1683 2023 1765 Περσεφόνεια,

428 1785 622 1849 ὅσσαι
668 1784 1002 1869 ἀριστήων
1048 1787 1277 1869 ἄλοχοι
1322 1787 1484 1850 ἔσαν
1527 1781 1647 1870 ἠδὲ
1690 1785 2040 1870 θύγατρες.

426 1891 501 1955 αἴ
541 1885 602 1955 δ’
653 1885 818 1976 ἀμφ’
869 1883 1028 1977 αἷμα
1071 1892 1381 1957 κελαινὸν
1427 1890 1691 1968 ἀολλέες
1736 1889 2173 1976 ἠγερέθοντο,

426 1996 633 2082 αὐτὰρ
681 1996 807 2080 ἐγὼ
852 1998 1204 2081 βούλευον,
1259 1997 1435 2074 ὅπως
1482 1995 1730 2083 ἐρέοιμι
1777 1996 2074 2081 ἑκάστην.

425 2104 544 2186 ἥδε
590 2101 670 2169 δέ
710 2126 824 2187 μοι
866 2104 1031 2168 κατὰ
1073 2104 1300 2187 θυμὸν
1346 2102 1580 2189 ἀρίστη
1628 2106 1903 2187 φαίνετο
1947 2107 2178 2188 βουλή.
2344 2121 2454 2169 230

427 2210 887 2292 σπασσάμενος
930 2209 1250 2292 τανύηκες
1295 2210 1420 2294 ἄορ
1465 2206 1705 2292 παχέος
1749 2210 1928 2293 παρὰ
1972 2218 2189 2295 μηροῦ

348 2301 353 2310 ’
427 2315 549 2380 οὐκ
594 2320 752 2379 εἴων
795 2316 1015 2379 πίνειν
1060 2314 1193 2397 ἅμα
1238 2314 1453 2391 πάσας
1498 2306 1658 2399 αἷμα
1703 2317 2029 2381 κελαινόν.

427 2421 503 2485 αἱ
543 2416 616 2486 δὲ
660 2430 1142 2505 προμνηστῖναι
1189 2419 1500 2504 ἐπήισαν,
1545 2417 1665 2503 ἠδὲ
1712 2419 1949 2505 ἑκάστη

425 2526 508 2592 ὃν
552 2530 758 2610 γόνον
803 2526 1217 2613 ἐξαγόρευεν·
1263 2527 1393 2610 ἐγὼ
1440 2521 1503 2592 δ’
1554 2525 1846 2612 ἐρέεινον
1891 2527 2163 2605 ἁπάσας.

516 2628 662 2698 ἔνθ’
711 2629 753 2716 ἦ
798 2656 902 2698 τοι
946 2633 1215 2719 πρώτην
1268 2635 1462 2719 Τυρὼ
1510 2634 1662 2699 ἴδον
1706 2632 2162 2718 εὐπατέρειαν,
2347 2651 2454 2699 235

427 2739 468 2822 ἣ
516 2739 687 2824 φάτο
732 2743 1143 2824 Σαλμωνῆος
1188 2739 1529 2825 ἀμύμονος
1573 2742 1845 2823 ἔκγονος
1890 2734 2095 2822 εἶναι,

429 2854 523 2931 φῆ
571 2842 645 2911 δὲ
691 2848 1009 2931 Κρηθῆος
1054 2847 1225 2929 γυνὴ
1272 2848 1544 2930 ἔμμεναι
1590 2847 1945 2911 Αἰολίδαο·

428 2951 469 3035 ἣ
517 2961 817 3036 ποταμοῦ
861 2947 1178 3036 ἠράσσατ’
1223 2947 1529 3035 Ἐνιπῆος
1572 2954 1823 3035 θείοιο,

427 3058 503 3135 ὃς
544 3060 716 3124 πολὺ
761 3059 1108 3136 κάλλιστος
1151 3070 1465 3142 ποταμῶν
1510 3057 1618 3124 ἐπὶ
1661 3068 1861 3141 γαῖαν
1907 3059 2120 3143 ἵησιν,

429 3167 546 3230 καί
584 3159 646 3251 ῤ’
696 3160 795 3229 ἐπ’
840 3158 1145 3248 Ἐνιπῆος
1188 3163 1558 3231 πωλέσκετο
1602 3165 1771 3230 καλὰ
1816 3162 2080 3249 ῥέεθρα.
2346 3182 2455 3230 240

429 3279 520 3359 τῷ
568 3265 628 3336 δ’
679 3272 808 3357 ἄρα
854 3270 1198 3354 εἰσάμενος
1241 3273 1553 3355 γαιήοχος
1599 3269 2016 3352 ἐννοσίγαιος

432 3378 507 3445 ἐν
550 3385 839 3465 προχοῇς
882 3386 1183 3461 ποταμοῦ
1228 3375 1624 3463 παρελέξατο
1672 3377 2041 3459 δινήεντος·

431 3486 818 3571 πορφύρεον
864 3478 927 3549 δ’
978 3484 1105 3570 ἄρα
1150 3492 1327 3566 κῦμα
1371 3483 1737 3567 περιστάθη
1796 3483 1986 3566 οὔρει·
2029 3476 2208 3565 ἴσον,
