2646 3932
421 205 506 270 28
911 239 917 243 -
1175 206 1592 259 mmmmm
1628 207 1691 261 B.

420 348 462 432 ἣ
507 349 717 432 αὐτὴν
761 348 1050 415 ποθέσαι
1092 346 1204 415 καὶ
1249 347 1759 433 ἀφορμηθέντος
1803 348 2113 432 ἀκοῦσαι,
2338 365 2444 414 875

421 454 511 531 ὡς
556 452 641 519 ἂν
684 454 773 539 μὴ
819 457 1141 520 κλαίουσα
1185 454 1352 519 κατὰ
1395 456 1559 539 χρόα
1601 455 1809 520 καλὸν
1854 454 2115 540 ἰάπτῃ.“

509 554 600 637 ὧς
644 558 750 645 ἄρ’
802 561 963 644 ἔφη,
1009 568 1218 645 γρῆυς
1264 555 1340 625 δὲ
1383 565 1568 629 θεῶν
1611 557 1821 645 μέγαν
1865 558 2069 645 ὅρκον
2114 558 2413 643 ἀπώμνυ.

421 665 628 751 αὐτὰρ
675 665 823 731 ἐπεί
860 663 923 750 ρ’
976 663 1221 749 ὄμοσέν
1263 688 1336 730 τε
1379 662 1769 748 τελεύτησέν
1811 686 1882 731 τε
1927 667 2046 731 τὸν
2092 665 2325 751 ὅρκον,

305 830 310 837 .
420 769 633 838 αὐτίκ’
686 771 908 837 ἔπειτά
954 771 1026 838 οί
1066 766 1258 836 οἶνον
1303 769 1378 836 ἐν
1422 769 1922 856 ἀμφιφορεῦσιν
1967 773 2299 856 ἄφυσσεν,

421 878 495 944 ἐν
542 877 622 945 δέ
663 878 736 944 οί
775 879 1020 962 ἄλφιτα
1065 886 1259 962 χεῦεν
1305 875 1745 962 ἐυρραφέεσσι
1791 877 2110 962 δοροῖσιν.
2336 896 2443 947 380

430 980 804 1067 Τηλέμαχος
847 979 905 1047 δ’
957 981 1024 1060 ἐς
1069 981 1315 1067 δώματ’
1371 984 1493 1048 ἰὼν
1537 990 1946 1068 μνηστῆρσιν
1990 982 2262 1068 ὁμίλειν.

510 1085 656 1153 ἔνθ’
709 1082 853 1153 αὖτ’
907 1085 1051 1153 ἄλλ’
1104 1087 1338 1173 ἐνόησε
1382 1089 1541 1172 θεά,
1588 1094 1964 1172 γλαυκῶπις
2002 1086 2270 1175 Ἀθήνη.

428 1194 783 1283 Τηλεμάχῳ
830 1192 1044 1259 ἐικυῖα
1087 1196 1254 1260 κατὰ
1298 1197 1533 1260 πτόλιν
1577 1194 1780 1283 ᾤχετο
1825 1194 2068 1280 πάντῃ,

419 1304 537 1366 καί
575 1300 661 1385 ῥα
708 1299 958 1388 ἑκάστῳ
1005 1298 1179 1383 φωτὶ
1223 1299 1675 1386 παρισταμένη
1723 1299 1894 1385 φάτο
1942 1305 2197 1393 μῦθον,

422 1406 765 1493 ἑσπερίους
812 1404 874 1470 δ’
927 1402 1034 1470 ἐπὶ
1077 1414 1208 1490 νῆα
1249 1407 1431 1491 θοὴν
1475 1405 1834 1492 ἀγέρεσθαι
1880 1406 2183 1490 ἀνώγειν.
2338 1426 2442 1474 385

419 1513 461 1596 ἡ
509 1512 571 1579 δ’
623 1509 778 1580 αὖτε
832 1516 1152 1597 Φρονίοιο
1198 1516 1526 1597 Νοήμονα
1570 1514 1892 1597 φαίδιμον
1936 1514 2089 1579 υἱὸν

420 1620 567 1706 ᾔτεε
611 1629 740 1705 νῆα
784 1623 993 1705 θοήν·
1065 1620 1103 1686 ὁ
1151 1617 1231 1686 δέ
1270 1620 1345 1684 οἰ
1382 1621 1706 1704 πρόφρων
1749 1617 2087 1686 ὑπέδεκτο.

422 1727 659 1792 δύσετό
702 1723 762 1791 τ’
813 1725 1033 1811 ἠέλιος
1078 1728 1399 1792 σκιόωντό
1443 1748 1515 1791 τε
1558 1733 1766 1789 πᾶσαι
1809 1724 2067 1808 ἀγυιαί,

418 1830 531 1898 καὶ
574 1834 722 1898 τότε
765 1841 896 1916 νῆα
939 1833 1118 1915 θοὴν
1164 1829 1356 1898 ἅλαδ’
1410 1837 1664 1916 εἴρυσε,
1709 1830 1925 1896 πάντα
1970 1829 2033 1897 δ’
2085 1831 2159 1898 ἐν
2205 1831 2369 1916 αὐτῇ

421 1936 572 2005 ὅπλ’
627 1937 864 2023 ἐτίθει,
909 1938 991 2005 τά
1036 1961 1105 2005 τε
1151 1946 1305 2023 νῆες
1352 1936 1703 2023 ἐύσσελμοι
1747 1936 2129 2024 φορέουσιν.
2336 1955 2441 2005 390

420 2055 618 2129 στῆσε
666 2044 726 2111 δ’
779 2044 879 2112 ἐπ’
934 2045 1197 2131 ἐσχατιῇ
1244 2043 1539 2129 λιμένος,
1593 2042 1745 2130 περὶ
1799 2042 1862 2110 δ’
1913 2043 2148 2111 ἐσθλοὶ
2194 2043 2439 2131 ἑταῖροι

421 2152 664 2238 ἀθρόοι
710 2151 1144 2238 ἠγερέθοντο·
1206 2153 1337 2217 θεὰ
1383 2149 1446 2217 δ’
1496 2153 1794 2236 ὤτρυνεν
1837 2149 2130 2217 ἕκαστον.

507 2256 655 2324 ἔνθ’
708 2254 852 2325 αὖτ’
905 2256 1049 2324 ἄλλ’
1103 2256 1337 2342 ἐνόησε
1381 2257 1541 2340 θεά,
1587 2263 1965 2341 γλαυκῶπις
2002 2253 2269 2342 Ἀθήνη.

419 2368 502 2448 βῆ
552 2362 616 2452 ῤ’
670 2363 845 2431 ἰέναι
889 2366 1055 2450 πρὸς
1100 2361 1348 2448 δώματ’
1395 2361 1755 2446 Ὀδυσσῆος
1795 2366 2044 2429 θείοιο·

419 2474 589 2536 ἔνθα
635 2472 1123 2556 μνηστήρεσσιν
1168 2467 1276 2536 ἐπὶ
1319 2473 1576 2553 γλυκὺν
1619 2469 1838 2535 ὕπνον
1882 2472 2138 2555 ἔχευεν,
2336 2486 2437 2535 395

419 2578 617 2657 πλάζε
666 2573 739 2642 δὲ
784 2579 1132 2659 πίνοντας,
1179 2585 1421 2661 χειρῶν
1467 2571 1530 2641 δ’
1582 2576 1857 2657 ἔκβαλλε
1900 2575 2209 2640 κύπελλα.

420 2684 491 2749 oc
532 2681 595 2748 δ’
648 2683 873 2748 εὕδειν
918 2683 1221 2767 ὤρνυντο
1265 2682 1432 2747 κατὰ
1476 2683 1741 2764 πτόλιν,
1788 2678 1935 2747 οὐδ’
1987 2679 2093 2766 ἄρ’
2146 2683 2242 2746 ἔτι
2287 2682 2413 2764 δὴν

419 2787 611 2872 εἵατ’,
667 2787 815 2854 ἐπεί
854 2806 1089 2874 σφισιν
1131 2788 1345 2865 ὕπνος
1389 2785 1495 2854 ἐπὶ
1539 2787 1979 2872 βλεφάροισιν
2022 2789 2307 2853 ἔπιπτεν.

419 2895 627 2980 αὐτὰρ
682 2892 1067 2980 Τηλέμαχον
1109 2893 1414 2980 προσέφη
1460 2899 1837 2978 γλαυκῶπις
1876 2891 2125 2979 Ἀθήνη

420 2999 1076 3087 ἐκπροκαλεσσαμένη
1123 3002 1435 3085 μεγάρων
1481 3000 1558 3067 ἐὺ
1601 3002 2076 3081 ναιεταόντων,
2333 3015 2440 3066 400

427 3106 720 3193 Μέντορι
765 3106 1073 3192 εἰδομένη
1119 3103 1286 3191 ἠμὲν
1333 3105 1533 3192 δέμας
1576 3103 1696 3190 ἠδὲ
1740 3104 1852 3172 καὶ
1897 3105 2140 3189 αὐδήν·

420 3211 824 3299 ,,Τηλέμαχ’,
869 3214 999 3297 ἥδη
1045 3211 1168 3297 μέν
1211 3236 1316 3279 τοι
1362 3212 1751 3296 ἐυκνήμιδες
1796 3210 2045 3298 ἑταῖροι

306 3305 327 3328 ’
419 3318 581 3386 εἵατ’
635 3319 988 3404 ἐπήρετμοι
1030 3319 1156 3402 τὴν
1202 3318 1331 3402 σὴν
1374 3317 1836 3403 ποτιδέγμενοι
1880 3318 2122 3404 ὁρμήν·

420 3424 564 3492 ἀλλ’
619 3432 838 3511 ἴομεν,
885 3426 974 3510 μὴ
1022 3426 1203 3509 δηθὰ
1249 3426 1691 3509 διατρίβωμεν
1736 3424 1988 3491 ὁδοῖο.“

509 3526 597 3610 ὥς
641 3532 771 3619 ἄρα
816 3529 1161 3616 φωνήσασ’
1212 3529 1504 3615 ἡγήσατο
1553 3531 1822 3607 Παλλὰς
1861 3527 2111 3614 ’Λθήνη
2333 3544 2437 3595 405
