2646 3932
1003 154 1417 206 οΔΤΣΣΕῙΑΣ
1455 156 1602 206 v111.
2184 154 2305 217 117

296 295 584 378 δεύεται,
632 294 796 360 ἀλλὰ
841 306 1104 360 κακοῖσι
1150 295 1589 382 συνέρρηκται
1633 296 2011 363 πολέεσσιν·

295 401 377 466 οὐ
420 402 548 487 γὰρ
594 400 721 484 ἐγώ
766 399 849 485 γέ
888 404 959 466 τί
996 425 1167 486 φημι
1211 404 1588 488 κακώτερον
1634 405 1796 469 ἄλλο
1840 406 2189 490 θαλάσσης

296 508 506 590 ἄνδρα
550 530 624 590 γε
671 518 1017 593 συγχεῦαι,
1063 511 1128 575 εἰ
1167 508 1278 575 καὶ
1322 510 1497 593 μάλα
1540 511 1856 596 καρτερὸς
1900 514 2065 595 εἶη.“

380 615 499 679 τὸν
544 611 606 678 δ’
659 608 806 680 αὖτ’
855 614 1204 700 Εὐρύαλος
1250 615 1644 700 ἀπαμείβετο
1689 616 2003 701 φώνησέν
2047 640 2143 684 τε·
2214 636 2314 685 140

295 721 692 805 ,,Λαοδάμα,
739 722 913 806 μάλα
957 730 1154 786 τοῦτο
1201 724 1357 798 ἔπος
1400 723 1566 787 κατὰ
1611 733 1855 809 μοῖραν
1899 726 2122 802 ἔειπες.

296 827 492 905 αὐτὸς
534 837 663 893 νῦν
707 828 1152 914 προκάλεσσαι
1199 829 1321 894 ἰὼν
1364 827 1476 894 καὶ
1521 827 1819 915 πέφραδε
1865 833 2155 915 μῦθον.“

383 935 591 1020 αὐτὰρ
639 933 778 1001 ἐπεὶ
820 937 896 1000 τό
939 929 1007 1017 γ’
1059 933 1287 1000 ἄκουσ’
1343 935 1596 1019 ἀγαθὸς
1639 936 1793 1014 πάις
1834 931 2225 1022 Ἀλκινόοιο,

295 1048 414 1124 στῆ
461 1034 524 1127 ῤ’
577 1039 643 1118 ἐς
687 1038 937 1125 μέσσον
984 1041 1105 1106 ἰὼν
1148 1039 1260 1106 καὶ
1300 1036 1624 1125 Ὀδυσσῆα
1669 1042 2085 1128 προσέειπεν·

296 1141 525 1229 ,,δεῦρ’
575 1148 693 1229 ἄγε
738 1144 850 1211 καὶ
895 1147 1003 1230 σύ,
1051 1147 1220 1226 ξεῖνε
1264 1147 1491 1233 πάτερ,
1536 1150 1842 1234 πείρησαι
1880 1148 2165 1234 ἀέθλων,
2216 1168 2315 1216 145

297 1259 362 1317 εἴ
398 1254 547 1318 τινά
592 1274 724 1318 που
770 1253 1120 1337 δεδάηκας·
1165 1256 1337 1319 ἔοικε
1384 1251 1464 1319 δέ
1504 1248 1565 1318 σ’
1618 1256 1810 1339 ἴδμεν
1854 1254 2167 1333 ἀέθλους·

297 1360 379 1424 οὐ
423 1356 546 1444 μὲν
588 1360 716 1445 γὰρ
760 1362 981 1444 μεῖζον
1024 1359 1213 1436 κλέος
1259 1358 1524 1445 ἀνέρος,
1573 1361 1752 1446 ὄφρα
1795 1356 1857 1427 κ’
1909 1364 2125 1448 ἔῃσιν,

296 1464 336 1549 ἢ
383 1465 419 1529 ὅ
464 1488 528 1530 τι
571 1468 815 1531 ποσσίν
856 1488 927 1531 τε
972 1463 1126 1551 ῥέξῃ
1170 1463 1282 1531 καὶ
1328 1464 1558 1551 χερσὶν
1605 1465 1806 1552 ἑῇσιν.

297 1566 439 1637 ἀλλ’
491 1572 607 1655 ἄγε
653 1574 990 1657 πείρησαι,
1038 1570 1370 1637 σκέδασον
1416 1567 1478 1637 δ’
1531 1572 1659 1639 ἀπὸ
1706 1574 1911 1658 κήδεα
1955 1581 2199 1659 θυμοῦ.

296 1676 405 1744 σοὶ
450 1675 513 1743 δ’
566 1678 721 1755 ὁδὸς
757 1677 978 1743 οὐκέτι
1016 1679 1226 1764 δηρὸν
1264 1676 1648 1762 ἀπέσσεται,
1696 1680 1863 1745 ἀλλά
1897 1703 2001 1745 τοι
2036 1681 2165 1765 ἤδη
2218 1698 2318 1747 150

295 1794 460 1869 νηῦς
504 1807 573 1849 τε
617 1787 1037 1870 κατείρυσται
1080 1782 1193 1849 καὶ
1240 1783 1546 1869 ἐπαρτέες
1591 1784 1763 1851 εἰσὶν
1808 1784 2121 1872 ἕταῖροι.“

382 1891 500 1955 τὸν
538 1887 599 1954 δ’
645 1888 1166 1973 ἀπαμειβόμενος
1202 1888 1506 1974 προσέφη
1545 1890 1909 1975 πολύμητις
1940 1886 2315 1971 Ὀδυσσεύς.

296 1995 693 2079 ,,Λαοδάμα,
738 1998 809 2061 τί
847 2019 925 2080 με
969 2005 1177 2061 ταῦτα
1221 1996 1517 2061 κελεύετε
1560 1996 2048 2082 κερτομέοντεςς

296 2102 498 2184 κήδεά
543 2124 656 2185 μοι
699 2098 810 2167 καὶ
856 2106 1109 2186 μᾶλλον
1154 2099 1255 2167 ἐνὶ
1299 2099 1543 2186 φρεσὶν
1586 2103 1629 2185 ἤ
1675 2123 1797 2188 περ
1845 2104 2109 2188 ἄεθλοι,

298 2206 369 2284 ὃς
414 2205 573 2293 πρὶν
608 2203 731 2292 μὲν
767 2208 940 2292 μάλα
975 2208 1189 2273 πολλὰ
1223 2208 1450 2273 πάθον
1484 2206 1596 2273 καὶ
1631 2210 1842 2274 πολλὰ
1878 2213 2166 2295 μόγησα,
2217 2229 2317 2319 155

296 2322 424 2378 νῦν
470 2310 544 2380 δὲ
588 2311 741 2398 μεθ’
792 2312 1073 2399 ὑμετέρῃ
1120 2312 1329 2399 ἀγορῆ
1374 2316 1641 2380 νόστοιο
1687 2319 1963 2399 χατίζων

299 2414 479 2505 ἧμαι,
525 2423 914 2504 λισσόμενος
958 2420 1244 2504 βασιλῆά
1287 2443 1359 2484 τε
1404 2421 1619 2486 πάντα
1663 2444 1733 2486 τε
1782 2423 2012 2506 δῆμον.
2017 2425 2059 2459 “

384 2528 502 2592 τὸν
549 2522 610 2592 δ’
663 2521 807 2592 αὖτ’
858 2527 1208 2612 Εὐρύαλος
1255 2525 1650 2611 ἀπαμείβετο
1694 2529 1953 2594 νείκεσέ
1981 2524 2040 2595 τ’
2085 2531 2318 2615 ἄντην·

296 2634 425 2716 ,,οὐ
469 2634 597 2719 γάρ
643 2627 707 2698 σ’
759 2630 949 2715 οὐδέ,
997 2631 1198 2715 ξεῖνε,
1250 2634 1537 2716 δαήμονι
1583 2632 1756 2718 φωτὶ
1803 2634 1998 2700 έίσκω

296 2741 558 2822 ἄθλων,
606 2729 715 2803 οἷά
759 2760 827 2802 τε
873 2738 1087 2802 πολλὰ
1132 2732 1270 2821 μετ’
1323 2738 1743 2824 ἀνθρώποισι
1788 2739 2130 2825 πέλονται,
2218 2758 2319 2809 160

297 2845 462 2910 ἀλλὰ
506 2853 620 2933 τῷ,
667 2844 741 2921 ὃς
783 2838 858 2908 θ’
911 2844 1044 2928 ἅμα
1086 2842 1200 2927 νηὶ
1245 2846 1640 2928 πολυκλήιδι
1682 2849 1984 2930 θαμίζων

297 2950 496 3036 ἀρχὸς
540 2950 880 3032 ναυτάων,
926 2950 998 3014 οἵ
1035 2972 1106 3014 τε
1149 2958 1517 3035 πρηκτῆρες
1562 2952 1778 3034 ἔασιν,

297 3059 551 3143 φόρτου
596 3080 667 3121 τε
711 3057 988 3141 μνήμων
1031 3054 1144 3121 καὶ
1189 3055 1544 3140 ἐπίσκοπος
1588 3048 1743 3141 ᾖσιν
1789 3057 2037 3124 ὁδαίων

295 3161 585 3248 κερδέων
628 3159 702 3226 θ’
755 3160 1128 3248 ἁρπαλέων·
1177 3158 1326 3227 οὐδ’
1380 3161 1709 3248 ἀθλητῆρι
1756 3166 2034 3242 ἔοικας.“

385 3270 503 3333 τὸν
552 3263 614 3334 δ’
667 3263 771 3354 ἄρ’
823 3268 1084 3354 ὑπόδρα
1132 3269 1296 3333 ἰδὼν
1341 3267 1644 3354 προσέφη
1690 3270 2053 3354 πολύμητις
2094 3265 2318 3337 Ὀδυσ-

1144 3376 1325 3453 σεύς·
2217 3396 2318 3445 165

295 3476 529 3566 ,,ξεϊν’,
575 3482 657 3547 οὐ
702 3481 908 3547 καλὸν
953 3483 1186 3557 ἔειπες·
1235 3479 1591 3569 ἀτασθάλῳ
1638 3479 1836 3567 ἀνδρὶ
1880 3484 2114 3560 ἔοικας.
