2646 3932
922 212 1337 263 οΔΤΣΣΕῙΑΣ
1372 212 1522 266 vm.
2096 207 2220 274 123

209 349 378 437 ἦλθε
428 354 824 420 Ποσειδάων
869 356 1213 439 γαιήοχος,
1258 347 1416 437 ἦλθ’
1470 352 1777 438 ἐριούνης

199 456 533 544 Ἑρμείας,
579 455 791 544 ἦλθεν
837 456 912 526 δὲ
957 458 1119 537 ἅναξ
1174 457 1483 544 ἑκαέργος
1522 456 1873 524 Ἀπόλλων.

206 565 572 652 θηλύτεραι
617 562 694 632 δὲ
737 563 894 631 θεαὶ
938 564 1143 650 μένον
1190 566 1377 630 αἰδοῖ
1416 571 1588 630 οἴκοι
1636 563 1890 649 ἑκάστη.

208 674 406 736 ἔσταν
452 668 515 736 δ’
568 670 640 737 ἐν
683 672 1091 757 προθύροισι
1133 673 1316 753 θεοί,
1365 671 1654 755 δωτῆρες
1698 669 1898 736 ἐάων·
2122 686 2226 735 323

209 777 526 860 ἄσβεστος
572 773 635 842 δ’
687 772 793 862 ἄρ’
846 776 1095 862 ἐνῶρτο
1141 775 1350 859 γέλως
1393 778 1758 862 μακάρεσσι
1801 782 2066 841 θεοῖσιν

209 882 442 968 τέχνας
486 885 834 968 εἰσορόωσι
878 884 1307 969 πολύφρονος
1343 880 1756 968 *Ηφαίστοια

211 983 341 1054 ὧδε
389 987 469 1055 δέ
507 1012 606 1066 τις
652 995 952 1055 εἴπεσκεν
1000 990 1164 1054 ἰδὼν
1210 987 1276 1066 ἐς
1318 992 1603 1073 πλησίον
1648 990 1880 1055 ἄλλον·

211 1093 381 1178 ,,οὐκ
426 1094 625 1182 ἀρετᾷ
670 1096 840 1161 κακὰ
885 1098 1073 1178 ἔργα·
1117 1095 1373 1180 κιχάνει
1416 1117 1522 1160 τοι
1568 1096 1820 1179 βραδὺς
1865 1095 2077 1178 ὠκύν,

211 1201 302 1277 ὡς
344 1197 456 1265 καὶ
500 1210 630 1266 νῦν
659 1199 1028 1287 ’Ήφαιστος
1074 1200 1202 1267 ἐὼν
1247 1202 1499 1286 βραδὺς
1545 1192 1722 1266 εἶλεν
1749 1199 1962 1286 ’Ἀρηα
2126 1218 2230 1267 330

213 1307 550 1371 ὠκύτατόν
592 1328 717 1392 περ
762 1306 956 1373 ἐόντα
998 1313 1211 1390 θεῶν,
1258 1309 1331 1372 οἳ
1352 1305 1696 1391 Ὄλυμπον
1738 1309 2035 1391 ἔχουσιν,

212 1413 422 1496 χωλὸς
467 1410 624 1496 ἐών,
670 1411 962 1499 τέχνῃσι·
1005 1414 1081 1478 τὸ
1127 1410 1238 1478 καὶ
1283 1409 1612 1499 μοιχάγρι’
1666 1411 1996 1498 ὀφέλλει.“

304 1512 393 1594 ὧς
436 1518 508 1583 οἰ
545 1514 667 1603 μὲν
711 1528 984 1586 τοιαῦτα
1026 1520 1192 1604 πρὸς
1238 1518 1564 1603 ἀλλήλους
1609 1518 1965 1604 ἀγόρευον·

205 1620 454 1708 Ἑρμῆν
501 1620 575 1690 δὲ
619 1624 1009 1709 προσέειπεν
1055 1624 1218 1704 ἅναξ
1270 1626 1441 1702 Διὸς
1484 1625 1631 1702 υίὸς
1680 1618 2042 1690 Ἀπόλλων·

214 1726 549 1814 ,,Ἑρμεία,
594 1731 765 1807 Διὸς
807 1729 943 1814 υἰέ,
991 1731 1329 1815 διάκτορε,
1379 1731 1593 1815 δῶτορ
1639 1728 1839 1814 ἑάων,
2128 1748 2230 1797 335

213 1830 255 1918 ἦ
304 1835 389 1921 ῥά
431 1859 548 1901 κεν
594 1834 668 1901 ἐν
713 1837 980 1920 δεσμοῖς
1026 1833 1286 1912 ἐθέλοις
1329 1846 1706 1920 κρατεροῖσι
1749 1834 2049 1914 πιεσθεὶς

214 1941 436 2008 εὕδειν
481 1940 555 2008 ἐν
600 1941 929 2028 λέκτροισι
971 1942 1150 2027 παρὰ
1194 1940 1440 2028 χρυσέῃ
1482 1939 1913 2030 Ἀφροδίτῃ;“

302 2049 420 2113 τὸν
466 2045 528 2113 δ’
580 2042 869 2133 ἠμείβετ’
920 2051 1142 2114 ἔπειτα
1187 2049 1537 2135 διάκτορος
1583 2048 2047 2134 ἀργεϊφόντης·

215 2154 335 2236 ,,αἳ
375 2154 503 2239 γὰρ
546 2163 744 2220 τοῦτο
789 2152 1080 2238 γένοιτο,
1127 2154 1289 2233 ἄναξ
1346 2151 1685 2238 ἑκατηβόλ’
1721 2153 2080 2221 Ἄπολλον·

217 2257 448 2343 δεσμοὶ
492 2255 615 2344 μὲν
657 2258 800 2345 τρὶς
843 2262 1071 2325 τόσσοι
1118 2259 1463 2344 ἀπείρονες
1508 2258 1713 2345 ἀμφὶς
1757 2262 2000 2345 ἔχοιεν,
2128 2278 2232 2328 340

214 2362 403 2448 ὑμεῖς
447 2361 509 2431 δ’
561 2367 910 2453 εἰσορόῳτε
954 2363 1108 2431 θεοὶ
1152 2367 1365 2430 πᾶσαί
1401 2388 1471 2430 τε
1514 2362 1811 2448 θέαιναι,

216 2470 425 2556 αὐτὰρ
472 2470 642 2556 ἐγὼν
687 2472 947 2556 εὕδοιμι
990 2472 1168 2557 παρά
1214 2469 1461 2557 χρυσέῃ
1501 2467 1922 2557 Ἀφροδίτῃ.“

307 2571 395 2654 ὧς
439 2575 656 2663 ἔφατ’,
703 2577 776 2644 ἐν
823 2574 898 2644 δὲ
941 2577 1149 2660 γέλως
1194 2572 1350 2662 ὦρτ’
1403 2576 1802 2644 ἀθανάτοισι
1843 2583 2124 2644 θεοῖσιν.

216 2678 375 2748 οὐδὲ
422 2684 860 2749 Ποσειδάωνα
902 2681 1108 2766 γέλως
1152 2685 1288 2767 ἔχε,
1336 2685 1597 2747 λίσσετο
1645 2676 1710 2747 δ’
1759 2680 1889 2748 αἰεὶ

201 2787 578 2874 Ἥφαιστον
621 2791 1054 2876 κλυτοεργόν,
1101 2788 1277 2865 ὅπως
1322 2789 1586 2853 λύσειεν
1614 2786 1842 2872 Ἄρηα.
2128 2807 2232 2856 343

215 2898 332 2961 καί
368 2919 484 2980 μιν
529 2897 844 2981 φωνήσας
888 2897 1043 2960 ἔπεα
1087 2895 1442 2978 πτερόεντα
1486 2893 1861 2977 προσηύδα·

217 3005 498 3084 ,,λῦσον·
546 3000 673 3085 ἐγὼ
720 2999 800 3067 δέ
839 3023 942 3066 τοι
989 2998 1194 3065 αὐτὸν
1228 2999 1619 3082 ὑπίσχομαι,
1666 2998 1757 3075 ὡς
1793 3001 1878 3064 σὺ
1913 3001 2231 3086 κελεύεις,

213 3109 423 3173 τίσειν
468 3114 697 3192 αἴσιμα
740 3107 953 3172 πάντα
997 3103 1134 3190 μετ’
1188 3104 1587 3170 ἀθανάτοισι
1629 3107 1957 3170 θεοῖσιν.“

303 3215 424 3279 τὸν
469 3211 531 3281 δ’
584 3209 739 3279 αὖτε
785 3210 1131 3300 προσέειπε
1177 3211 1568 3295 περικλυτὸς
1615 3209 2038 3295 ἀμφιγυήεις·

214 3323 350 3405 ,,μή
394 3344 504 3405 με,
552 3321 932 3388 Ποσείδαον
975 3321 1274 3403 γαιήοχε,
1319 3326 1528 3383 ταῦτα
1571 3315 1826 3383 κέλευε·
2128 3336 2232 3385 330

215 3429 436 3494 δειλαί
473 3449 578 3492 τοι
623 3427 863 3492 δειλῶν
906 3447 980 3507 γε
1025 3421 1137 3489 καὶ
1184 3422 1416 3506 ἐγγύαι
1462 3421 1893 3505 ἐγγυάασθαι.

212 3545 352 3611 πῶς
396 3531 481 3598 ἂν
528 3531 655 3616 ἐγώ
701 3547 775 3596 σε
822 3529 1037 3614 δέοιμι
1082 3525 1220 3613 μετ’
1274 3527 1671 3593 ἀθανάτοισι
1714 3532 2008 3613 θεοῖσιν,
