2646 3932
359 178 462 232 XX
1169 176 1564 233 SUMMARIA.

358 344 628 420 procedit
678 344 742 403 in
796 344 1133 405 contionem
1178 338 1604 428 (122—159).
1694 345 2043 419 Mactandas
2092 344 2368 404 victimas

360 432 604 493 adducit
645 434 949 493 Eumaeus
993 453 1131 493 cum
1165 435 1493 494 Melanthio
1539 437 1601 494 et
1645 420 1967 511 Philoetio‚
2012 433 2182 494 cuius
2225 432 2367 491 fide-

358 521 478 580 lem
520 521 584 579 in
630 540 691 581 se
737 521 1004 581 animum
1031 522 1235 582 Ulixes
1281 523 1586 599 experitur
1628 514 2055 604 (160—240).
2116 520 2366 581 Interim

360 628 397 667 a
440 610 610 683 novis
656 610 885 669 insidiis
931 613 1138 670 contra
1184 612 1604 671 Telemachum
1658 611 1927 672 deterriti
1972 610 2212 670 sinistro
2259 628 2364 668 au·

358 697 532 775 gurio
577 698 741 774 proci
787 718 859 758 ex
893 700 1166 760 contione
1212 700 1574 760 conveniunt
1618 701 1696 759 ad
1737 700 2081 776 prandium3
2133 698 2197 756 in
2244 716 2363 773 quo

359 786 543 845 etiam
596 786 798 847 Ulixes
861 787 1032 847 adest
1093 808 1130 847 a
1181 788 1306 849 filio
1362 792 1633 867 curatus,
1688 789 1792 848 sed
1844 788 1919 848 ab
1975 788 2179 864 aliquo
2228 805 2363 861 pro-

358 893 564 933 corum
608 894 776 935 crure
819 875 1046 937 bubulo
1091 877 1319 953 petitus
1374 869 1799 959 (241—344).
1890 876 2118 935 Exinde
2174 873 2363 934 oculis

360 981 429 1021 ac
481 965 677 1023 mente
732 963 1020 1024 divinitus
1073 966 1347 1026 turbatos
1409 966 1652 1026 iuvenes
1704 965 1970 1044 graviter
2030 962 2365 1040 alloquitur

360 1050 827 1127 Theoclymenus
856 1055 919 1111 et
943 1053 1256 1114 imminens
1283 1054 1431 1131 ipsis
1456 1054 1824 1115 vaticinatur
1862 1052 2137 1128 exitium3
2177 1069 2361 1128 quare

358 1158 498 1198 eum
567 1141 902 1201 cavillando
975 1141 1236 1202 derisum
1307 1143 1482 1203 domo
1546 1142 1871 1202 excludunt
1933 1130 2360 1222 (345-386).

359 1226 524 1397 ἓξὲξ
570 1228 770 1398 οῗὲῗ
814 1249 885 1289 ex
927 1231 1262 1307 propinquo
1319 1232 1666 1290 auscultans
1721 1229 2026 1308 cognoscit
2069 1228 2362 1303 Penelope

526 1348 601 1356 -
657 1321 691 1376 9
774 1364 786 1375 .

1282 1437 1455 1502 XXI.

489 1546 767 1606 Nobilem
828 1568 1032 1608 arcum
1094 1549 1285 1608 Ulixis
1349 1551 1411 1608 et
1472 1549 1725 1628 sagittas
1786 1547 2011 1625 promit
2071 1547 2365 1623 Penelope

359 1634 791 1712 iuvenibusque
836 1640 1133 1697 certamen
1177 1637 1545 1698 matrimonii
1581 1639 1675 1697 sui
1712 1635 2030 1698 constituit
2068 1627 2133 1717 (1
2147 1638 2268 1694 -7
2277 1626 2362 1716 9).
2405 1695 2414 1707 ,

360 1723 666 1783 Desiderio
712 1723 936 1786 domini
987 1744 1302 1802 percussus
1354 1725 1460 1786 flet
1501 1727 1804 1786 Eumaeus
1862 1745 2000 1785 cum
2042 1723 2365 1799 Philoetio;

363 1811 750 1872 Telemachus
803 1817 1007 1874 autem
1059 1813 1372 1875 duodecim
1422 1815 1784 1876 ferramenta
1837 1833 2014 1890 scopo
2069 1812 2366 1871 destinata

366 1899 568 1961 ordine
612 1902 831 1961 statuit
874 1906 935 1962 et
978 1903 1104 1980 ipse
1151 1922 1358 1963 arcum
1401 1906 1598 1963 tentat
1650 1923 1769 1963 non
1818 1902 1943 1962 sine
1989 1920 2092 1979 spe
2138 1918 2365 1961 succes·

366 2009 467 2049 sus
523 1981 904 2072 (so—135).
995 1992 1169 2052 Proci
1230 1992 1505 2069 deinceps
1566 1993 1808 2053 tendere
1869 1993 2096 2050 frustra
2157 2010 2364 2068 aggre-
2451 2009 2455 2014 ·

366 2078 640 2153 diuntur3
683 2080 944 2155 primum
978 2078 1192 2141 Liodes
1227 2084 1414 2159 vateS,
1451 2081 1637 2140 simul·
1666 2080 1916 2142 exitium
1959 2079 2364 2157 praesagiens:

368 2168 470 2228 sed
512 2167 812 2228 Antinous
866 2188 1074 2247 cornu,
1130 2188 1249 2246 quo
1302 2170 1542 2229 facilius
1585 2170 1878 2247 flectatur,
1933 2167 2155 2229 molliri
2199 2167 2368 2227 iubet

368 2250 791 2339 (136—187).
889 2257 1137 2317 Interim
1189 2257 1392 2317 Ulixes
1455 2258 1686 2318 duobus
1747 2258 1869 2317 illis
1930 2276 2181 2335 gregum
2241 2275 2365 2314 ma-

366 2344 570 2426 gistris
597 2348 766 2404 extra
791 2347 996 2405 aulam
1021 2364 1146 2406 sese
1174 2347 1614 2425 agnoscendum
1638 2347 1886 2423 praebet
1911 2345 2114 2423 eisque
2144 2344 2367 2406 forium

366 2434 700 2495 custodiam
759 2435 1006 2494 mandat
1058 2426 1486 2518 (188—244).
1574 2436 1831 2496 Reverso
1888 2434 1952 2492 in
2008 2435 2368 2494 conventum

365 2523 538 2584 Ulixe
592 2523 776 2582 etiam
817 2523 1231 2599 Eurymachus
1275 2524 1501 2583 frustra
1545 2526 1766 2583 tentat:
1813 2525 1875 2583 et
1912 2522 2209 2582 Antinous
2254 2522 2365 2581 sub

364 2614 679 2689 praetextu
723 2611 842 2671 diei
885 2611 1025 2671 festi
1069 2614 1366 2672 certamen
1410 2612 1473 2670 in
1518 2614 1824 2689 posterum
1868 2611 2065 2671 differt
2118 2602 2361 2692 (245—

367 2697 539 2776 272).
629 2700 761 2759 Iam
804 2699 1008 2759 Ulixes
1061 2700 1305 2760 iuvenes
1349 2702 1527 2779 rogat
1569 2702 1642 2759 ut
1681 2700 1882 2777 ipsum
1928 2717 2166 2776 quoque
2211 2699 2367 2759 vires

364 2789 577 2850 seniles
622 2789 928 2865 explorare
974 2789 1198 2865 sinant3
1242 2788 1338 2847 illi
1382 2792 1589 2850 contra
1623 2788 1934 2865 prohibere
1972 2806 2041 2847 ac
2077 2787 2366 2865 deridere3

363 2877 605 2938 tandem
657 2877 1056 2937 annuentibus
1109 2877 1404 2953 Penelope
1458 2880 1521 2936 et
1574 2877 1925 2938 Telemacho
1983 2875 2100 2951 ipsi
2162 2896 2369 2936 arcum

361 2966 549 3026 tradit
592 2966 921 3025 Eumaeus:
965 2966 1145 3024 huius
1190 2966 1361 3024 iussu
1405 2966 1704 3042 Euryclea
1746 2963 2054 3041 posticum
2091 2965 2367 3042 occludit,

362 3054 552 3114 alium
596 3055 821 3114 exitum
863 3053 1196 3115 Philoetius
1254 3046 1682 3134 (273-392).
1771 3054 1870 3113 Ita
1914 3053 2117 3113 Ulixes
2163 3073 2370 3113 arcum

361 3143 619 3203 intendit
631 3146 692 3204 et
705 3135 993 3221 sagittam
1008 3162 1114 3219 per
1129 3143 1330 3203 omnia
1347 3144 1707 3202 ferramenta
1725 3142 1918 3202 mittit
1937 3132 2180 3222 (393—
2190 3133 2369 3223 434).

1261 3331 1468 3397 XXII.

490 3444 694 3504 Ulixes
755 3462 900 3503 arcu
963 3462 1072 3504 suo
1136 3444 1487 3523 aggreditur
1548 3445 1790 3505 turbam
1841 3464 2182 3524 procorum,
2230 3449 2369 3507 ante

360 3551 561 3597 omnes
591 3532 937 3611 Antinoum,
967 3552 1087 3610 quo
1124 3532 1350 3594 confixo
1391 3533 1526 3613 quis
1563 3534 1644 3594 sit
1679 3537 1740 3593 et
1768 3534 1915 3613 quid
1941 3536 2140 3594 struat
2165 3536 2366 3616 palam
