2646 3932
909 125 1322 177 οΔΤΣΣΕῙΑΣ
1359 126 1508 177 vm.
2114 121 2239 186 113

225 265 302 343 ὃς
345 264 503 331 νέον
541 264 906 332 Ἀλκινόοιο
954 268 1319 352 δαΐφρονος
1365 268 1539 333 ἵκετο
1589 268 1777 352 δῶμα

227 374 478 437 πόντον
524 370 1022 457 ἐπιπλαγχθείς,
1071 371 1272 457 δέμας
1317 372 1756 438 ἀθανάτοισιν
1803 371 2096 457 ὁμοῖος.“

320 471 408 554 ὧς
451 476 707 543 εἰποῦσ’
760 479 1012 564 ὤτρυνε
1057 477 1254 563 μένος
1297 476 1410 543 καὶ
1452 479 1677 563 θυμὸν
1724 477 2018 544 ἑκάστου.
2185 492 2251 541 15

227 586 651 668 καρπαλίμως
704 582 767 649 δ’
828 586 1156 668 ἔμπληντο
1202 588 1463 671 βροτῶν
1509 584 1753 670 ἀγοραί
1790 607 1859 649 τε
1905 581 2015 649 καὶ
2066 582 2253 669 ἕδραι

228 687 643 775 ἀγρομένων·
687 687 924 755 πολλοὶ
970 688 1034 754 δ’
1087 686 1193 774 ἄρ’
1245 688 1620 772 ἐθηήσαντο
1668 690 1922 765 ἰδόντες

228 794 382 860 υίὸν
426 793 726 881 Λαέρταο
775 796 1136 880 δαΐφρονα·
1181 804 1271 884 τῷ
1320 794 1383 860 δ’
1437 792 1542 881 ἄρ’
1587 791 1837 879 Ἀθήνη

228 903 595 984 θεσπεσίην
638 899 942 985 κατέχευε
987 901 1183 987 χάριν
1226 905 1480 986 κεφαλῇ
1524 924 1595 966 τε
1638 898 1752 967 καὶ
1797 901 2001 983 ώμοις

230 1008 351 1071 καί
388 1030 505 1090 μιν
550 1009 957 1093 μακρότερον
1001 1005 1112 1072 καὶ
1155 1007 1459 1072 πάσσονα
1502 1012 1715 1089 θῆκεν
1763 1005 2056 1088 ἰδέσθαι,
2187 1020 2255 1069 20

230 1113 320 1189 ὥς
365 1136 481 1178 κεν
533 1113 895 1194 Φαιήκεσσι
939 1115 1134 1195 φίλος
1178 1112 1497 1177 πάντεσσι
1540 1109 1800 1194 γένοιτο

231 1218 454 1293 δεινός
497 1214 556 1281 τ’
609 1216 863 1293 αἰδοῖός
905 1238 975 1281 τε
1020 1214 1131 1281 καὶ
1177 1213 1572 1280 ἐκτελέσειεν
1618 1215 1905 1294 ἀέθλους

230 1323 549 1405 πολλούς,
594 1325 752 1398 τοὺς
802 1323 1086 1405 Φαίηκες
1132 1320 1544 1407 ἐπειρήσαντ’
1592 1319 1924 1404 Ὀδυσῆος.

231 1427 442 1512 αὐτὰρ
487 1426 634 1492 ἐπεί
674 1424 736 1511 ῤ’
787 1427 1076 1513 ἤγερθεν
1123 1425 1472 1512 ὁμηγερέες
1513 1450 1583 1492 τε
1628 1424 1936 1510 γένοντο,

234 1544 449 1599 τοῖσιν
495 1532 556 1599 δ’
603 1531 937 1610 Ἀλκίνοος
982 1532 1356 1618 ἀγορήσατο
1402 1532 1513 1599 καὶ
1557 1532 1918 1618 μετέειπεν·
2187 1548 2254 1597 25

233 1637 573 1723 ,,κέκλυτε,
624 1641 938 1723 Φαιήκων
981 1638 1299 1724 ἡγήτορες
1344 1636 1463 1723 ἡδὲ
1508 1638 1847 1723 μέδοντες,

234 1744 388 1831 ὄφρ’
440 1752 635 1828 εἴπω,
681 1746 762 1810 τά
805 1769 884 1829 με
928 1747 1148 1830 θυμὸς
1195 1743 1296 1811 ἐνὶ
1342 1748 1663 1829 στήθεσσι
1706 1744 1976 1810 κελεύει.

234 1851 444 1930 ξεῖνος
489 1849 630 1934 ὅδ’,
676 1850 800 1916 οὐκ
844 1846 972 1916 οἶδ’
1027 1851 1100 1928 ὅς
1142 1874 1272 1933 τις,
1329 1850 1665 1935 ἀλώμενος
1710 1847 1867 1917 ’ἵκετ’
1921 1848 2079 1933 ἐμὸν
2127 1849 2253 1930 δῶ,

234 1953 309 2040 ἠὲ
354 1957 518 2043 πρὸς
562 1958 769 2042 ἠοίων
813 1953 854 2042 ἦ
903 1955 1226 2046 ἑσπερίων
1271 1957 1677 2045 ἀνθρώπων·

234 2064 503 2147 πομπὴν
549 2060 611 2128 δ’
665 2063 950 2149 ὀτρύνει,
995 2061 1107 2129 καὶ
1152 2065 1448 2129 λίσσεται
1493 2063 1779 2147 ἔμπεδον
1824 2058 2012 2128 εἶναι.
2184 2079 2253 2127 30

235 2168 420 2253 ἡμεῖς
466 2167 557 2252 δ’,
603 2168 692 2245 ὡς
734 2168 808 2234 τὸ
854 2169 1064 2255 πάρος
1106 2192 1260 2255 περ,
1307 2167 1826 2254 ἐποτρυνώμεθα
1869 2168 2154 2252 πομπήν.

237 2270 395 2340 οὐδὲ
438 2274 565 2359 γὰρ
613 2272 776 2338 οὐδέ
814 2295 914 2349 τις
958 2274 1184 2356 ἄλλος,
1231 2273 1368 2350 ὅτις
1410 2271 1472 2339 κ’
1526 2272 1647 2358 ἐμὰ
1693 2272 1952 2358 δώμαθ’
2005 2275 2252 2358 ἵκηται,

236 2377 467 2446 ἐνθάδ’
521 2379 924 2465 ὀδυρόμενος
968 2377 1178 2463 δηρὸν
1221 2375 1403 2462 μένει
1448 2379 1666 2444 εἵνεκα
1710 2387 1985 2464 πομπῆς.

236 2483 379 2552 ἀλλ’
432 2486 548 2568 άγε
592 2493 722 2567 νῆα
766 2482 1084 2569 μέλαιναν
1129 2482 1496 2569 ἐρύσσομεν
1541 2485 1637 2560 εἰς
1680 2484 1806 2549 ἅλα
1853 2485 2007 2551 δῖαν

234 2594 695 2679 πρωτόπλοον,
740 2590 960 2676 κούρω
1008 2585 1082 2655 δὲ
1129 2590 1267 2656 δύω
1313 2588 1425 2655 καὶ
1468 2592 1874 2673 πεντήκοντα
2184 2607 2252 2657 35

232 2697 619 2784 κρινάσθων
662 2696 827 2761 κατὰ
874 2695 1118 2779 δῆμον,
1166 2694 1313 2760 ὅσοι
1357 2694 1567 2780 πάρος
1611 2692 1782 2760 εἰσὶν
1827 2696 2102 2780 ἄριστοι.

236 2804 595 2888 δησάμενοι
641 2799 704 2866 δ’
755 2801 830 2867 ἐὺ
874 2802 1115 2878 πάντες
1161 2799 1267 2866 ἐπὶ
1309 2805 1576 2885 κληῖσιν
1620 2799 1856 2886 ἐρετμὰ

235 2906 451 2993 ἔκβητ’
469 2928 485 2945 ·
532 2908 741 2993 αὐτὰρ
786 2909 1007 2972 ἔπειτα
1050 2906 1229 2989 θοὴν
1275 2905 1621 2989 ἀλεγύνετε
1669 2907 1861 2972 δαῖτα

234 3013 615 3101 ἡμετερόνδ’
670 3014 1009 3091 ἐλθόντες·
1055 3012 1182 3096 ἐγὼ
1230 3010 1293 3077 δ’
1347 3011 1422 3078 ἐὺ
1466 3023 1628 3079 πᾶσι
1672 3012 1948 3098 παρέξω.

235 3121 579 3206 κούροισιν
623 3116 745 3204 μὲν
787 3116 970 3185 ταῦτ’
1023 3116 1437 3202 ἐπιτέλλομαι
1458 3138 1473 3154 ·
1520 3118 1728 3204 αὐτὰρ
1775 3119 1846 3184 οί
1886 3119 2074 3183 ἄλλοι
2183 3135 2251 3185 4ο

235 3236 632 3312 σκηπτοῦχοι
676 3228 986 3310 βασιλῆες
1031 3222 1154 3308 ἐμὰ
1196 3224 1362 3310 πρὸς
1408 3224 1675 3308 δώματα
1718 3225 1885 3289 καλὰ

234 3329 524 3418 ἔρχεσθ’,
571 3332 749 3417 ὄφρα
794 3330 1013 3410 ξεῖνον
1058 3327 1159 3395 ένὶ
1203 3330 1550 3415 μεγάροισι
1596 3327 1957 3414 φιλέωμεν,

231 3436 403 3523 μηδέ
442 3460 541 3513 τις
587 3437 940 3523 ἀρνείσθω.
1030 3433 1400 3502 καλέσασθε
1448 3432 1522 3502 δὲ
1565 3441 1761 3501 θεῖον
1806 3435 2039 3502 ἀοιδὸν

335 3554 537 3592 Romam
567 3551 800 3591 Onvssua.
825 3549 865 3592 Ι.
1788 3543 1821 3592 8
