2646 3932
1003 190 1419 241 οΔΤΣΣΕιΑΣ
1456 191 1547 242 lx,
2162 185 2294 249 149

269 325 459 395 οἶκον
503 329 891 417 ἐυκτίμενον
933 329 1045 397 καὶ
1093 330 1212 416 ἑὴν
1258 330 1326 408 ἐς
1370 332 1656 418 πατρίδα
1698 341 1929 415 γαῖαν,

270 432 392 514 ὀψὲ
434 447 650 515 κακῶς
696 440 919 521 ἔλθοι,
940 434 1200 515 ’ὀλέσας
1245 439 1375 503 ἄπο
1420 439 1672 516 πάντας
1716 435 2018 524 ἑταίρους
2026 483 2048 520 ,

267 543 429 624 νηὸς
473 536 575 609 ἐπ’
628 543 1006 631 ἀλλοτρίης,
1052 544 1239 631 εὕροι
1285 541 1350 609 δ’
1402 543 1476 610 ἐν
1518 543 1784 629 πήματα
1828 543 2030 632 οἱκφέ
2193 556 2303 607 ⁵85

359 643 448 726 ὧς
491 646 679 735 ἔφατ’
729 651 1113 737 εὐχόμενος,
1157 660 1280 718 τοῦ
1327 646 1390 717 δ’
1441 653 1631 718 ἔκλυε
1674 651 2127 734 κυανοχαίτης.

269 754 478 842 αὐτὰρ
524 756 563 823 8
604 752 671 842 γ’
720 757 976 837 ἐξαῦτις
1017 761 1192 823 πολὺ
1236 760 1504 842 μείζονα
1548 762 1718 823 λᾶαν
1763 755 1988 842 ἀείρας

268 854 372 943 ἦκ’
422 861 836 948 ἐπιδινήσας,
883 861 1174 949 ἐπέρεισε
1222 859 1297 929 δὲ
1345 858 1432 929 ἶν’
1483 861 1889 948 ἀπέλεθρον,

267 968 396 1033 κὰδ
441 964 504 1034 δ’
554 972 791 1053 ἔβαλεν
837 971 1198 1055 μετόπισθε
1242 971 1395 1047 νεὸς
1436 969 1942 1056 κυανοπρώροιο

267 1076 549 1158 τυτθόν,
597 1074 912 1160 ἐδεύησεν
960 1069 1022 1141 δ’
1075 1074 1295 1160 οἰήιον
1342 1078 1550 1162 ἄκρον
1596 1074 1877 1141 ἱκέσθαι.
2193 1087 2303 1138 540

269 1178 563 1264 ἐκλύσθη
614 1176 688 1246 δὲ
732 1183 1046 1247 θάλασσα
1089 1181 1574 1268 κατερχομένης
1616 1181 1748 1246 ὑπὸ
1793 1178 2059 1266 πέτρης·

267 1285 391 1367 τὴν
437 1282 513 1351 δὲ
556 1288 782 1373 πρόσω
829 1286 991 1373 φέρε
1036 1296 1251 1371 κῦμα,
1295 1287 1562 1373 θέμωσε
1609 1283 1684 1354 δὲ
1727 1285 1969 1373 χέρσον
2015 1282 2302 1351 ἱκέσθαι.

359 1384 503 1456 ἀλλ’
554 1391 661 1457 ὅτε
708 1393 790 1476 δὴ
833 1393 959 1476 τὴν
1003 1401 1216 1477 νῆσον
1263 1387 1649 1479 ἀφικόμεθ’,
1694 1395 1865 1458 ἔνθα
1907 1414 2030 1478 περ
2078 1393 2272 1456 ἄλλαι

268 1503 424 1579 νῆες
467 1495 818 1582 ἐύσσελμοι
863 1496 1068 1582 μένον
1114 1498 1393 1585 ἁθρόαι,
1441 1497 1613 1587 ἀμφὶ
1658 1494 1721 1565 δ’
1772 1498 2022 1584 ἑταῖροι

271 1597 431 1667 εἵατ’
481 1603 909 1689 ὀδυρόμενοι,
953 1603 1158 1690 ἡμέας
1201 1605 1666 1690 ποτιδέγμενοι
1711 1607 1870 1688 αἰεί,
2191 1618 2301 1669 545

268 1717 397 1792 νῆα
442 1705 565 1794 μὲν
608 1705 757 1775 ἐνθ’
807 1709 1120 1789 ἐλθόντες
1165 1710 1524 1797 ἐκέλσαμεν
1566 1711 1641 1778 ἐν
1685 1712 2132 1796 ψαμάθοισιν,

270 1814 340 1880 ἐκ
386 1810 460 1880 δὲ
503 1812 616 1881 καὶ
660 1813 853 1911 αύτοὶ
896 1819 1106 1902 βῆμεν
1153 1816 1259 1883 ἐπὶ
1307 1818 1580 1903 ῥηγμῖνι
1622 1817 1984 1901 θαλάσσης.

269 1924 440 2005 μῆλα
488 1917 561 1988 δὲ
606 1922 973 2000 Κύκλωπος
1015 1926 1367 2011 γλαφυρῆς
1411 1924 1484 1991 ἐκ
1527 1925 1690 2008 νηὸς
1735 1922 1995 2002 ἑλόντες

272 2022 667 2112 δασσάμεθ’,
713 2029 800 2105 ὡς
846 2028 934 2113 μή
980 2032 1081 2106 τίς
1125 2053 1241 2114 μοι
1286 2030 1729 2115 ἀτεμβόμενος
1771 2032 1905 2096 κίοι
1952 2037 2114 2115 ἴσης.

271 2132 538 2218 ἀρνειὸν
583 2128 646 2200 δ’
696 2132 843 2219 ἐμοὶ
888 2141 1009 2222 οἴῳ
1055 2134 1448 2220 ἐυκνήμιδες
1491 2133 1741 2222 ἑταῖροι
2189 2152 2300 2202 550

269 2238 497 2323 μήλων
542 2238 915 2324 δαιομένων
961 2241 1171 2307 δόσαν
1216 2241 1434 2325 ἔξοχα·
1478 2242 1598 2307 τὸν
1644 2236 1707 2306 δ’
1757 2239 1864 2307 ἐπὶ
1906 2240 2057 2307 θινὶ

273 2343 442 2430 Ζηνὶ
484 2345 857 2432 κελαινεφέι
903 2348 1235 2432 Κρονίδῃ,
1282 2345 1356 2424 ὃς
1400 2355 1603 2412 πᾶσιν
1649 2346 1952 2431 ἀνάσσει,

270 2451 458 2537 ῥέξας
503 2444 686 2536 μηρί’
735 2452 987 2516 ἔκαιον·
1035 2451 1071 2517 ὁ
1119 2447 1182 2518 δ’
1235 2452 1359 2517 οὐκ
1404 2451 1715 2538 ἐμπάζετο
1762 2453 1955 2539 ἱρῶν,

267 2552 413 2622 ἀλλ’
466 2556 503 2622 ὅ
548 2579 624 2640 γε
667 2555 1092 2643 μερμήριζεν,
1138 2557 1315 2634 ὅπως
1362 2556 1717 2623 ἀπολοίατο
1762 2561 1993 2624 πᾶσαν

267 2670 420 2745 νῆες
464 2660 815 2748 ἐύσσελμοι
857 2660 970 2728 καὶ
1017 2661 1163 2748 ἐμοὶ
1209 2662 1467 2750 ἐρίηρες
1512 2661 1777 2750 ἑταῖροι.
2188 2682 2297 2733 55⁶

356 2763 445 2845 ὧς
487 2769 635 2834 τότε
679 2764 802 2853 μὲν
845 2770 1110 2854 πρόπαν
1151 2763 1329 2855 ἦμαρ
1377 2768 1444 2846 ἐς
1487 2768 1714 2853 ἠέλιον
1756 2772 2135 2839 καταδύντα

266 2874 484 2958 ἥμεθα
530 2874 917 2958 δαινύμενοι
960 2874 1122 2961 κρέα
1163 2869 1224 2939 τ’
1276 2876 1525 2941 ἄσπετα
1568 2873 1680 2940 καὶ
1724 2874 1901 2960 μέθυ
1944 2876 2104 2961 ἡδύ·

264 2974 430 3063 ἦμος
476 2976 538 3044 δ’
588 2979 807 3063 ἠέλιος
849 2979 1094 3046 κατέδυ
1136 2978 1249 3046 καὶ
1295 2978 1402 3046 ἐπὶ
1445 2978 1696 3066 κνέφας
1738 2977 1982 3067 ἦλθεν,

267 3086 349 3169 δὴ
394 3087 541 3151 τότε
585 3089 1003 3171 κοιμήθημεν
1049 3084 1157 3152 ἐπὶ
1205 3086 1478 3172 ῥηγμῖνι
1519 3087 1881 3173 θαλάσσης.

263 3185 429 3274 ἦμος
475 3187 537 3256 δ’
587 3190 921 3278 ἠριγένεια
965 3193 1148 3278 φάνη
1195 3193 1688 3278 ῥοδοδάκτυλος
1726 3192 1926 3279 Ἠώς,
2186 3213 2297 3265 660

265 3297 347 3380 δὴ
392 3293 528 3363 τότ’
580 3295 753 3380 ἐγὼν
798 3295 1135 3383 ἑτάροισιν
1181 3297 1547 3384 ἐποτρύνας
1592 3297 1902 3365 ἐκέλευσα

263 3402 507 3481 αὐτούς
549 3400 609 3468 τ’
661 3403 1010 3487 ἀμβαίνειν
1056 3404 1185 3470 ἀνά
1227 3427 1298 3470 τε
1342 3408 1725 3491 πρυμνήσια
1770 3410 1994 3472 λῦσαι·

263 3508 335 3573 οἱ
372 3505 437 3573 δ’
490 3502 633 3587 αἶψ’
686 3512 1027 3593 εἴσβαινον
1069 3507 1183 3576 καὶ
1229 3508 1337 3576 ἐπὶ
1380 3515 1603 3595 κληῖσι
1644 3514 1955 3594 καθῖζον,

498 3631 529 3674 ι
