2646 3932
952 162 1370 214 οΔΤΣΣΕΙΑΣ
1407 164 1557 216 vm.
2129 161 2255 225 129

235 302 278 387 ἢ
323 304 488 370 κατὰ
530 303 832 389 πετράων
876 301 1139 387 βαλέειν
1183 302 1547 389 ἐρύσαντας
1590 300 1692 370 ἐπ’
1744 306 1980 389 ἄκρης,

234 408 277 493 ἢ
325 407 486 475 ἐάαν
528 403 671 494 μέγ’
723 410 981 494 ἄγαλμα
1024 415 1208 475 θεῶν
1252 412 1651 496 θελκτήριον
1696 405 1897 493 εἶναι,

235 523 316 599 τῇ
360 536 484 600 περ
530 514 613 598 δὴ
660 512 770 580 καὶ
815 516 1037 580 ἔπειτα
1080 518 1592 600 τελευτήσεσθαι
1638 517 1934 600 ἔμελλεν·
2150 532 2254 583 510

237 614 394 686 αἷσα
437 621 564 706 γὰρ
608 615 694 704 ἦν
740 618 1141 704 ἀπολέσθαι,
1187 619 1353 704 ἐπὴν
1396 623 1589 697 πόλις
1633 620 2067 706 ἀμφικαλύψῃ

237 726 602 811 δουράτεον
645 722 854 809 μέγαν
898 726 1133 809 ἵππον,
1180 721 1293 790 ὅθ’
1346 726 1526 791 εἴατο
1571 726 1811 803 πάντες
1856 727 2114 811 ἄριστοι

229 826 543 917 Ἀργείων
596 831 891 915 Τρώεσσι
934 833 1152 916 φόνον
1194 828 1306 896 καὶ
1350 840 1521 916 κῆρα
1566 829 1899 918 φέροντες.

235 937 459 1020 ἤειδεν
503 930 594 1019 δ’,
641 936 730 1013 ὡς
774 936 941 1001 ἄστυ
988 934 1360 1022 διέπραθον
1402 928 1544 1014 υἷες
1581 933 1858 1021 Ἀχαιῶν

237 1043 524 1108 ἱππόθεν
568 1040 946 1127 ἐκχύμενοι,
991 1046 1224 1108 κοῖλον
1270 1044 1472 1127 λόχον
1516 1041 2037 1129 ἐκπρολιπόντες.
2150 1058 2253 1109 515

236 1148 442 1214 ἄλλον
488 1143 549 1212 δ’
604 1148 768 1232 ἄλλῃ
816 1147 995 1212 ἄειδε
1039 1149 1237 1212 πόλιν
1280 1146 1657 1234 κεραϊζέμεν
1703 1150 1937 1233 αἰπήν,

238 1253 445 1339 αὐτὰρ
484 1250 809 1335 Ὀδυσσῆα
853 1250 1048 1339 προτὶ
1093 1253 1363 1337 δώματα
1404 1255 1784 1338 Δηιφόβοιο

236 1361 517 1443 βήμεναι
559 1354 705 1442 ἠύτ’
739 1356 950 1444 Ἀρηα
994 1360 1123 1424 σὺν
1167 1355 1458 1446 ἀντιθέῳ
1502 1359 1845 1448 Μενελάῳ.

236 1470 416 1531 κεῦθι
460 1465 544 1549 δὴ
591 1466 939 1529 αἰνότατον
984 1466 1274 1549 πόλεμον
1319 1465 1491 1548 φάτο
1536 1468 1954 1549 τολμήσαντα

234 1578 500 1654 νικῆσαι
542 1568 654 1635 καὶ
698 1571 918 1635 ἔπειτα
963 1570 1075 1635 διὰ
1120 1570 1514 1655 μεγάθυμον
1551 1565 1862 1654 Ἀθήνην.
2147 1587 2251 1637 520

322 1672 506 1742 ταῦτ’
557 1672 662 1761 ἄρ’
716 1674 941 1752 ἀοιδὸς
985 1676 1164 1741 ἄειδε
1199 1677 1615 1761 περικλυτός·
1661 1675 1869 1762 αὐτὰρ
1902 1673 2253 1754 Ὀδυσσεὺς

236 1785 496 1866 τήκετο,
542 1782 755 1867 δάκρυ
801 1777 864 1846 δ’
918 1781 1147 1846 ἔδευεν
1191 1779 1322 1846 ὑπὸ
1369 1781 1766 1867 βλεφάροισι
1811 1783 2102 1867 παρειάς.

237 1890 328 1968 ὡς
371 1884 446 1954 δὲ
488 1887 659 1972 γυνὴ
705 1888 971 1972 κλαίῃσι
1015 1888 1218 1972 φίλον
1262 1889 1462 1952 πόσιν
1508 1886 2003 1973 ἀμφιπεσοῦσα,

238 1996 312 2074 ὅς
353 2017 424 2060 τε
470 1992 579 2077 ἑῆς
621 1995 922 2079 πρόσθεν
965 1995 1195 2071 πόλιος
1239 1998 1419 2059 λαῶν
1462 2017 1533 2060 τε
1577 1993 1859 2080 πέσῃσιν

238 2101 424 2166 ἄστεϊ
460 2097 573 2165 καὶ
614 2097 945 2164 τεκέεσσιν
990 2098 1263 2183 ἀμύνων
1307 2095 1538 2182 νηλεὲς
1579 2095 1784 2185 ἦμαρ·
2148 2117 2252 2167 525

236 2207 280 2291 ἡ
325 2202 447 2291 μὲν
489 2207 610 2271 τὸν
652 2207 1035 2289 θνήσκοντα
1079 2202 1191 2270 καὶ
1235 2204 1642 2291 ἀσπαίροντα
1689 2207 1927 2272 ἰδοῦσα

238 2308 403 2398 ἀμφ’
455 2312 633 2399 αὐτῷ
679 2309 927 2396 χυμένη
974 2311 1128 2393 λίγα
1170 2311 1440 2376 κωκύει·
1485 2312 1557 2376 οἰ
1598 2308 1677 2377 δέ
1714 2309 1772 2376 τ’
1826 2312 2107 2377 ὄπισθεν

237 2422 588 2494 κόπτοντες
633 2417 947 2502 δούρεσσι
990 2417 1406 2503 μετάφρενον
1450 2413 1569 2500 ἠδὲ
1612 2415 1725 2483 καὶ
1768 2418 1989 2502 ὤμους

238 2532 498 2613 εἴρερον
542 2523 998 2606 εἰσανάγουσι,
1043 2524 1257 2587 πόνον
1299 2518 1358 2587 τ’
1411 2520 1640 2607 ἐχέμεν
1683 2520 1794 2589 καὶ
1839 2522 2049 2602 ὀιζύν·

236 2640 354 2716 τῆς
397 2627 458 2696 δ’
509 2628 928 2717 ἐλεεινοτάτῳ
975 2629 1122 2713 ἄχει·
1161 2628 1589 2713 φθινύθουσι
1631 2631 1924 2714 παρειαί·
2149 2643 2251 2696 530

239 2734 328 2816 ὧς
365 2734 675 2812 Ὀδυσεὺς
718 2733 1007 2800 ἐλεεινὸν
1050 2730 1163 2799 ὑπ’
1216 2733 1468 2820 ὀφρύσι
1512 2734 1808 2821 δάκρυον
1852 2730 2047 2818 εἶβεν.

237 2838 384 2910 ἔνθ’
436 2843 679 2918 ἄλλους
722 2836 845 2925 μὲν
889 2840 1137 2917 πάντας
1182 2838 1511 2905 ἐλάνθανε
1557 2840 1812 2926 δάκρυα
1855 2843 2127 2924 λείβων,

230 2945 565 3025 Ἀλκίνοος
608 2943 689 3012 δέ
728 2969 843 3029 μιν
888 2940 1030 3022 οἷος
1073 2941 1471 3030 ἐπεφράσατ’
1523 2941 1642 3029 ἠδὲ
1685 2948 1957 3030 νόησεν,

236 3055 477 3138 ἥμενος
521 3048 664 3137 ἄγχ’
716 3051 925 3117 αὐτοῦ
939 3098 959 3134 ,
1006 3052 1179 3137 βαρὺ
1226 3047 1300 3117 δὲ
1347 3051 1779 3136 στενάχοντος
1825 3053 2126 3118 ἄκουσεν.

238 3154 403 3237 αἶψα
447 3154 522 3223 δὲ
571 3160 934 3241 Φαιήκεσσι
978 3154 1440 3242 φιληρέτμοισι
1485 3158 1805 3242 μετηύδα·
2145 3173 2248 3223 535

239 3261 583 3349 ,,κέκλυτε,
634 3267 948 3348 Φαιήκων
991 3262 1310 3350 ἡγήτορες
1354 3260 1475 3347 ἠδὲ
1520 3263 1860 3350 μέδοντες,

241 3370 632 3455 Δημόδοκος
676 3366 737 3435 δ’
791 3370 920 3454 ἤδη
970 3368 1259 3454 σχεθέτω
1306 3372 1646 3456 φόρμιγγα
1690 3374 1974 3454 λίγειαν·

237 3475 320 3542 οὐ
365 3475 493 3562 γάρ
536 3497 676 3553 πως
718 3475 1033 3541 πάντεσσι
1076 3479 1499 3563 χαριζόμενος
1541 3474 1687 3543 τάδ’
1740 3476 1963 3542 ἀείδει.

342 3590 542 3630 Eoum
571 3589 804 3632 onum
859 3590 898 3631 1.
1790 3586 1822 3635 9
