2646 3932
981 205 1394 258 οΔΤΣΣΕῙΑΣ
1430 207 1524 262 IV.
2184 205 2266 270 61

250 345 633 430 ζατρεφέας,
676 348 891 425 πάσας
935 347 998 414 δ’
1050 346 1157 434 ἄρ’
1210 347 1529 436 ἐπῴχετο,
1575 346 1765 414 λέκτο
1811 347 1874 414 δ’
1928 348 2237 434 ἀριθμόν.

248 449 323 516 ἐν
368 449 433 516 δ’
482 451 686 537 ἡμέας
730 453 1034 540 πρώτους
1078 452 1226 537 λέγε
1269 457 1568 538 κήτεσιν,
1615 452 1780 520 οὐδέ
1819 478 1884 520 τι
1925 460 2126 543 θυμῷ

248 557 466 641 ὠίσθη
515 559 720 625 δόλον
765 553 965 625 εἶναι·
1011 562 1233 625 ἔπειτα
1278 555 1354 625 δὲ
1401 557 1590 626 λέκτο
1635 558 1747 626 καὶ
1792 560 2007 637 αὐτός.

248 662 436 747 ἡμεῖς
481 659 556 729 δὲ
603 663 900 749 ἰάχοντες
946 662 1378 749 ἐπεσσύμεθ’,
1425 663 1598 750 ἀμφὶ
1642 661 1717 732 δὲ
1762 677 1984 751 χεῖρας

248 769 608 854 βάλλομεν·
654 767 801 836 οὐδ’
853 769 890 836 6
935 769 1152 858 γέρων
1200 772 1430 854 δολίης
1466 769 1825 853 ἐπελήθετο
1861 770 2123 855 τέχνης,
2170 788 2274 836 455

251 872 395 940 ἀλλ’
445 869 489 957 ἦ
535 898 641 940 τοι
685 876 1018 962 πρώτιστα
1063 874 1234 943 λέων
1278 874 1489 962 γένετ’
1539 874 1909 960 ἠυγένειος,

251 979 461 1065 αὐτὰρ
506 982 729 1046 ἔπειτα
775 982 1039 1068 δράκων
1082 980 1194 1048 καὶ
1237 983 1563 1069 πάρδαλις
1606 978 1726 1065 ἠδὲ
1770 980 1973 1067 μέγας
2018 992 2165 1060 σῦς·

209 1167 212 1171 Δ
248 1088 512 1168 γίγνετο
559 1084 623 1151 δ’
674 1086 887 1173 ὑγρὸν
929 1087 1116 1174 ὕδωρ
1159 1086 1271 1155 καὶ
1318 1087 1637 1175 δένδρεον
1679 1086 2115 1171 ὑψιπέτηλον·

250 1191 437 1276 ἡμεῖς
481 1189 544 1257 δ’
597 1190 978 1278 ἀστεμφέως
1023 1196 1258 1279 ἔχομεν
1301 1196 1600 1278 τετληότι
1640 1200 1860 1283 θυμῷ.

251 1294 397 1363 ἀλλ’
449 1297 556 1364 ὅτε
603 1299 688 1383 δή
735 1296 796 1386 ῤ’
849 1297 1057 1379 ἀνίαζ’
1110 1299 1147 1366 6
1191 1298 1410 1387 γέρων
1455 1299 1755 1385 ὀλοφώια
1800 1301 2024 1384 εἰδώς,
2170 1316 2277 1366 460

249 1401 361 1468 καὶ
406 1406 552 1470 τότε
599 1405 684 1488 δή
728 1401 796 1489 μ’
848 1403 1150 1471 ἐπέεσσιν
1195 1405 1625 1491 ἀνειρόμενος
1667 1405 2087 1492 προσέειπεν·

254 1509 375 1586 (τίς
418 1509 507 1574 νύ
550 1532 690 1593 τοι,
729 1506 989 1596 Ἀτρέος
1032 1510 1169 1595 υἰέ,
1214 1518 1400 1578 θεῶν
1445 1512 1927 1598 συμφράσσατο
1970 1512 2249 1596 βουλάς,

256 1616 439 1700 ὄφρα
484 1611 552 1699 μ’
603 1614 780 1694 ἕλοις
823 1615 1103 1683 ἀέκοντα
1147 1619 1628 1703 λοχησάμενος;
1675 1615 1785 1684 τέο
1831 1635 1906 1684 σε
1949 1619 2076 1703 χρή
2084 1618 2128 1695 3‘

343 1715 432 1797 ὧς
476 1719 693 1806 ἔφατ’,
737 1722 946 1809 αὐτὰρ
993 1722 1121 1807 ἐγώ
1165 1748 1283 1808 μιν
1329 1723 1760 1809 ἀμειβόμενος
1802 1722 2226 1810 προσέειπον·

254 1822 512 1910 6οἶσθα,
556 1825 785 1914 γέρον·
873 1832 945 1895 τί
981 1853 1060 1914 με
1105 1839 1312 1895 ταῦτα
1356 1827 1831 1916 παρατροπέων
1876 1828 2207 1915 ἐρεείνεις;

256 1932 345 2010 ὡς
390 1932 473 2016 δὴ
521 1931 677 2018 δήθ’
730 1931 831 2001 ἐνὶ
874 1936 1058 2025 νήσω
1105 1934 1452 2022 ἐρύκομαι,
1499 1932 1664 2003 οὐδέ
1702 1958 1768 2002 τι
1809 1933 2065 2022 τέκμωρ
2173 1950 2280 2002 466

256 2037 602 2125 εὑρέμεναι
647 2040 967 2127 δύναμαι,
1012 2042 1285 2127 μινύθει
1331 2040 1411 2109 δέ
1449 2065 1565 2127 μοι
1608 2044 1896 2109 ἔνδοθεν
1936 2036 2118 2128 ἦτορ.

257 2143 425 2210 ἀλλά
470 2145 556 2210 σύ
601 2144 723 2231 πέρ
771 2170 884 2231 μοι
929 2146 1099 2231 εἰπέ,
1144 2147 1299 2215 θεοὶ
1345 2147 1426 2215 δέ
1466 2171 1537 2214 τε
1580 2149 1795 2213 πάντα
1839 2153 2093 2230 ἴσασιν,

258 2250 332 2328 ὃς
377 2253 477 2328 τίς
520 2247 589 2336 μ’
642 2250 999 2318 ἀθανάτων
1042 2254 1255 2340 πεδάᾳ
1300 2252 1412 2320 καὶ
1457 2255 1652 2339 ἔδησε
1698 2253 2055 2336 κελεύθου,

256 2360 502 2423 νόστον
544 2353 648 2440 θ’,
695 2357 785 2435 ὡς
829 2355 935 2424 ἐπὶ
977 2361 1227 2425 πόντον
1272 2358 1625 2445 ἐλεύσομαι
1672 2359 2068 2444 ἰχθυόενταέ
2175 2374 2283 2424 470

348 2457 438 2540 ὧς
481 2462 774 2548 ἐφάμην,
821 2462 858 2529 6
905 2462 986 2530 δέ
1016 2463 1085 2549 μ’
1137 2463 1351 2531 αὐτίκ’
1395 2464 1828 2550 ἀμειβόμενος
1858 2461 2282 2550 προσέειπεν·

260 2568 449 2634 6ἀλλὰ
494 2566 646 2653 μάλ’
697 2570 990 2654 ὤφελλες
1033 2572 1161 2636 Διί
1197 2568 1256 2636 τ’
1308 2572 1612 2638 ἄλλοισίν
1654 2593 1725 2637 τε
1768 2575 2036 2636 θεοῖσιν

260 2674 450 2761 ῥέξας
495 2675 638 2761 ίερά
682 2673 826 2742 κάλ’
879 2675 1348 2762 ἀναβαινέμεν,
1394 2678 1574 2764 ὄφρα
1617 2678 1888 2762 τάχιστα

262 2782 390 2864 σὴν
435 2780 503 2859 ἐς
546 2779 806 2868 πατρίδ’
859 2782 1032 2849 ἵκοιο
1077 2781 1298 2850 πλέων
1344 2780 1450 2849 ἐπὶ
1497 2789 1735 2850 οἴνοπα
1780 2784 2045 2849 πόντον.

263 2886 345 2952 οὐ
390 2887 517 2972 γάρ
561 2910 667 2953 τοι
709 2885 869 2974 πρὶν
912 2898 1114 2974 μοῖρα
1157 2890 1400 2975 φίλους
1441 2886 1501 2954 τ’
1554 2886 1759 2954 ἰδέειν
1802 2885 1914 2953 καὶ
1962 2884 2224 2953 ἱκέσθαι

262 2988 450 3058 οἷκον
495 2991 880 3078 ἐυκτίμενον
894 2991 1034 3073 ,καὶ
1078 2993 1207 3078 σὴν
1251 2993 1318 3072 ἐς
1361 2995 1645 3081 πατρίδα
1688 3003 1917 3077 γαῖαν,
2176 3008 2281 3059 476

262 3100 422 3184 πρίν
463 3096 528 3183 γ’
581 3096 677 3165 ὅτ’
730 3098 815 3165 ἂν
859 3099 1230 3182 Αἰγύπτοιο
1277 3097 1601 3176 διιπετέος
1644 3107 1967 3183 ποταμοῖο

263 3200 450 3282 αὖτις
491 3204 678 3291 ὕδωρ
724 3208 928 3292 ἔλθῃς
973 3203 1162 3292 ῥέξῃς
1203 3202 1277 3270 θ’
1333 3205 1512 3291 ἱερὰς
1557 3203 1918 3289 ἑκατόμβας

265 3312 660 3377 ἀθανάτοισι
703 3316 958 3393 θεοῖσι,
1003 3307 1108 3376 τοὶ
1154 3310 1449 3396 οὐρανὸν
1492 3310 1699 3395 εὐρὺν
1744 3311 2039 3394 ἔχουσιν·

262 3414 372 3483 καὶ
406 3420 553 3483 τότε
588 3440 693 3483 τοι
731 3418 1070 3483 δώσουσιν
1105 3415 1268 3483 ὁδὸν
1301 3418 1487 3499 θεοί,
1522 3414 1610 3499 ἢν
1654 3417 1741 3481 σὺ
1777 3414 2128 3502 μενοινᾷςέ
2173 3429 2281 3480 480

351 3518 441 3601 ὥς
484 3520 700 3607 ἔφατ’,
746 3522 955 3609 αὐτὰρ
1001 3522 1154 3607 ἐμοί
1190 3546 1266 3606 γε
1309 3521 1725 3605 κατεκλάσθη
1771 3521 1974 3604 φίλον
2016 3513 2211 3602 ἦτορ,
