2646 3932
1032 190 1450 242 οΔΤΣΣΕΙΑΣ
1487 193 1582 244 XI.
2182 187 2307 253 183

287 332 605 419 κουριδίω
649 331 929 412 τεύξασα
974 335 1165 398 πόσει
1211 335 1455 417 φόνον·
1499 328 1541 416 ἦ
1588 356 1692 399 τοι
1736 335 1908 417 ἔφην
1952 356 2028 415 γε
2202 348 2308 398 480

289 435 608 513 ἀσπάσιος
651 440 1001 504 παίδεσσιν
1048 435 1147 504 ἰδὲ
1195 438 1528 523 δμώεσσιν
1573 437 1831 522 ἐμοῖσιν

290 540 502 608 οἴκαδ’
556 543 972 610 ἐλεύσεσθαι·
1015 544 1057 627 ἡ
1106 543 1167 610 δ’
1220 544 1411 630 ἔξοχα
1457 546 1669 630 λυγρὰ
1717 546 1899 610 ἰδυῖα

290 639 361 713 οἵ
398 672 467 714 τε
509 647 650 714 κατ’
702 645 929 734 αἶσχος
974 653 1154 735 ἔχευε
1199 648 1310 716 καὶ
1356 649 1791 736 ἐσσομένῃσιν
1836 651 2090 717 ὀπίσσω

287 754 692 840 θηλυτέρῃσι
736 755 1020 839 γυναιξί,
1064 753 1177 821 καὶ
1221 756 1263 838 ἥ
1309 753 1369 821 κ’
1423 755 1693 843 ἐυεργὸς
1738 758 1968 842 ἔῃσιν.“

377 855 465 936 ὧς
508 858 724 945 ἔφατ’,
770 861 977 947 αὐτὰρ
1022 861 1150 944 ἐγώ
1195 886 1312 946 μιν
1358 861 1789 946 ἀμειβόμενος
1832 860 2257 944 προσέειπον·

287 966 364 1048 ,ὢ
408 968 641 1050 πόποι,
686 961 727 1049 ἦ
774 968 947 1052 μάλα
994 969 1076 1051 δὴ
1122 970 1329 1051 γόνον
1359 967 1617 1054 Ἀτρέος
1653 969 1948 1055 εὐρύοπα
1988 971 2155 1045 Ζεὺς
2205 986 2309 1036 435

288 1070 624 1154 ἐκπάγλως
667 1073 919 1159 ἤχθηρε
965 1078 1346 1156 γυναικείας
1392 1075 1503 1140 διὰ
1546 1076 1794 1158 βουλὰς

288 1176 354 1257 ἐξ
400 1177 629 1263 ἀρχῆς·
665 1176 931 1263 Ἑλένης
974 1175 1097 1263 μὲν
1142 1179 1521 1265 ἀπωλόμεθ’
1574 1182 1792 1246 εἵνεκα
1837 1183 2102 1263 πολλοί,

288 1281 397 1350 σοὶ
443 1280 515 1349 δὲ
562 1282 1117 1370 Κλυταιμνήστρη
1165 1286 1370 1351 δόλον
1412 1286 1613 1371 ἤρτυε
1659 1284 1893 1370 τηλόθ’
1946 1286 2166 1353 ἐόντιέ

288 1383 377 1466 ὥς
422 1389 712 1475 ἐφάμην,
759 1389 796 1456 ὁ
843 1389 923 1456 δέ
964 1388 1030 1474 μ’
1083 1389 1294 1456 αὐτίκ’
1350 1390 1781 1475 ἀμειβόμενος
1825 1389 2243 1476 προσέειπεν·

288 1504 398 1583 ,τῷ
444 1505 574 1561 νῦν
618 1493 707 1580 μή
752 1517 909 1562 ποτε
953 1494 1066 1562 καὶ
1113 1500 1198 1562 σὺ
1242 1500 1518 1580 γυναικί
1555 1518 1677 1583 περ
1723 1497 1917 1579 ἤπιος
1961 1492 2159 1563 εἶναι·
2205 1514 2310 1563 441

287 1600 375 1684 μή
423 1603 494 1667 οἰ
533 1608 757 1686 μῦθον
802 1604 1058 1669 ἅπαντα
1102 1603 1590 1689 πιφαυσκέμεν,
1637 1602 1718 1671 ὅν
1761 1602 1821 1670 κ’
1875 1604 1950 1669 ἐὺ
1995 1605 2207 1690 εἰδῇς,

288 1706 452 1774 ἀλλὰ
497 1711 572 1775 τὸ
617 1705 738 1793 μὲν
784 1711 1075 1794 φάσθαι,
1121 1711 1197 1776 τὸ
1245 1706 1318 1775 δὲ
1364 1707 1475 1776 καὶ
1519 1709 1970 1795 κεκρυμμένον
2015 1706 2204 1777 εἶναι.

286 1813 430 1880 ἀλλ’
474 1815 557 1882 οὐ
594 1819 708 1881 σοί
736 1813 829 1898 γ’,
859 1813 1165 1899 Ὀδυσεῦ,
1213 1818 1424 1900 φόνος
1460 1818 1716 1881 ἔσσεται
1752 1818 1825 1881 ἔκ
1857 1839 1932 1899 γε
1968 1818 2312 1899 γυναικός·

288 1923 439 2005 λίην
482 1922 608 2007 γὰρ
654 1920 893 2006 πινυτή
941 1945 1010 1988 τε
1055 1920 1166 1989 καὶ
1212 1916 1287 1988 εὖ
1335 1919 1534 2008 φρεσὶ
1580 1920 1791 2007 μήδεα
1837 1917 2020 1989 οἶδεν
2206 1937 2310 1987 445

285 2028 494 2113 κούρη
534 2026 873 2114 Ἰκαρίοιο,
919 2031 1265 2114 περίφρων
1313 2031 1749 2113 Πηνελόπεια.

286 2128 328 2215 ἦ
371 2132 496 2217 μέν
540 2157 655 2216 μιν
700 2135 973 2218 νύμφην
1018 2157 1092 2216 γε
1136 2133 1298 2218 νέην
1344 2138 1808 2218 κατελείπομεν
1851 2134 2039 2219 ἡμεῖς

288 2237 629 2323 ἐρχόμενοι
673 2242 1066 2324 πολεμόνδε·
1110 2242 1263 2317 πάις
1309 2239 1391 2306 δέ
1431 2241 1502 2305 ol
1540 2236 1626 2323 ἦν
1672 2237 1778 2305 ἐπὶ
1824 2244 1999 2329 μαζῷ

287 2343 551 2428 νήπιος,
598 2343 672 2422 ὅς
715 2367 848 2412 που
891 2355 1020 2412 νῦν
1063 2369 1140 2429 γε
1187 2344 1323 2429 μετ’
1377 2345 1645 2430 ἀνδρῶν
1689 2346 1808 2424 ’ἵζει
1854 2345 2152 2434 ἀριθμῷ,

288 2451 538 2534 ὄλβιος·
582 2446 624 2534 ἦ
670 2453 796 2537 γὰρ
841 2455 959 2517 τόν
1004 2475 1077 2534 γε
1123 2451 1339 2536 πατὴρ
1387 2454 1582 2536 φίλος
1626 2453 1856 2530 ὄψεται
1904 2450 2156 2536 ἐλθών,
2207 2470 2313 2520 450

285 2556 397 2623 καὶ
440 2569 658 2635 κεῖνος
702 2559 948 2645 πατέρα
992 2556 1501 2645 προσπτύξεται,
1546 2557 1589 2641 ἢ
1635 2557 1829 2642 θέμις
1873 2556 2070 2624 ἐστίν.

284 2663 326 2746 ἡ
376 2662 437 2728 δ’
490 2664 610 2749 ἐμὴ
660 2664 823 2730 οὐδέ
863 2687 986 2750 περ
1032 2656 1179 2741 υἷος
1225 2663 1709 2747 ἐνιπλησθῆναι
1755 2664 2002 2740 ἄκοιτις

285 2771 743 2856 ὀφθαλμοῖσιν
790 2773 968 2837 ἔασε·
1012 2771 1222 2855 πάρος
1269 2768 1349 2835 δέ
1388 2793 1469 2855 με
1513 2769 1723 2854 πέφνε
1769 2767 1878 2834 καὶ
1925 2768 2147 2836 αὐτόν.

290 2879 478 2959 [ἄλλο
527 2875 608 2942 δέ
645 2900 750 2942 τοι
798 2875 991 2962 ἐρέω,
1038 2879 1123 2941 σὺ
1169 2873 1230 2941 δ’
1284 2873 1386 2942 ἐνὶ
1432 2874 1632 2961 φρεσὶ
1676 2876 1916 2959 βάλλεο
1964 2885 2175 2961 σῇσιν.

287 2984 607 3069 κρύβδην,
653 2980 809 3066 μηδ’
854 2981 1242 3066 ἀναφανδά,
1280 2985 1486 3066 φίλην
1524 2981 1590 3058 ές
1625 2982 1908 3067 πατρίδα
1943 2993 2143 3064 γαῖαν
2206 2997 2310 3047 455

286 3098 415 3172 νῆα
459 3088 949 3174 κατισχέμεναι,
996 3085 1137 3153 ἐπεὶ
1183 3086 1405 3153 οὐκέτι
1449 3088 1647 3153 πιστὰ
1691 3086 2043 3170 γυναιξίν.]

287 3193 431 3261 ἀλλ’
483 3197 600 3278 ἄγε
645 3218 758 3279 μοι
802 3196 955 3260 τόδε
1001 3190 1142 3260 εἰπὲ
1183 3191 1296 3259 καὶ
1343 3193 1661 3280 ἀτρεκέως
1703 3193 2089 3275 κατάλεξον,

286 3309 354 3368 εἴ
390 3323 523 3367 που
569 3304 662 3367 ἔτι
710 3303 991 3382 ζώοντος
1036 3300 1304 3367 ἀκούετε
1352 3301 1587 3377 παιδὸς
1633 3298 1848 3383 ἐμοῖο,

282 3409 327 3492 ἤ
371 3430 504 3473 που
549 3406 623 3472 ἐν
660 3404 1026 3495 Ὀρχομενῷ
1071 3405 1113 3489 ἢ
1160 3405 1235 3471 ἐν
1281 3406 1488 3494 Πύλω
1533 3404 1927 3488 ἠμαθόεντι,

172 3558 179 3563 ·
282 3514 327 3597 ἤ
372 3535 505 3579 που
549 3514 680 3599 πὰρ
726 3513 1050 3601 Μενελάῳ
1097 3508 1198 3576 ἐνὶ
1244 3512 1521 3595 Σπάρτῃ
1568 3509 1815 3594 εὐρείῃ·
2200 3526 2306 3577 450
