2646 3932
379 180 505 237 XVI
1180 182 1585 237 SUMMARIA.

1296 343 1475 408 XIII.

508 438 805 498 Enarrato
863 456 1058 497 errore
1112 455 1221 497 suo
1275 437 1481 497 Ulixes
1537 457 1573 496 a
1634 438 1996 514 primoribus
2051 436 2397 495 Phaeacum

377 545 534 585 nova
585 545 835 585 munera
887 525 1130 603 accipit,
1186 544 1342 602 quae
1396 528 1633 601 postero
1688 545 1862 585 mane
1916 526 1980 584 in
2034 543 2248 584 navem
2301 523 2394 582 in-

379 616 671 673 structam
723 616 1180 689 comportantur
1234 605 1540 695 (1—23);
1597 633 1821 690 perque
1879 615 2180 690 reliquum
2234 612 2396 671 diem

379 700 665 763 sacrificio
711 704 773 761 et
817 702 1010 778 epulis
1066 702 1369 761 adhibitus
1425 702 1797 778 compellatis
1850 701 2219 778 principibus
2273 700 2395 759 dis-

379 789 539 850 cedit
609 793 672 850 et
734 790 1108 867 quietissima
1169 791 1557 869 navigatione
1620 791 1684 848 in
1746 791 2016 850 Ithacam
2079 788 2397 848 devehitur

380 872 720 960 (24—95).
810 878 905 937 Ibi
957 898 1094 939 cum
1154 882 1401 956 portum
1452 879 1777 955 Phorcynis
1840 880 1904 938 in
1957 877 2179 939 vicinia
2232 877 2398 936 antri

378 966 796 1043 Nympharum
856 967 1234 1026 intraverunt
1294 967 1573 1046 remigeS,
1640 968 2030 1027 dormientem
2088 969 2398 1042 exponunt

380 1056 444 1114 in
487 1055 688 1132 litore3
733 1074 948 1114 navem
991 1059 1195 1115 autem
1229 1059 1593 1115 remeantem
1626 1056 1690 1113 in
1736 1074 1946 1114 saxum
1990 1056 2189 1125 mutat
2232 1053 2395 1130 Nep—

381 1148 592 1221 mnus,
646 1144 922 1220 placatus
976 1163 1109 1228 eam
1163 1144 1237 1204 ob
1300 1163 1428 1202 rem
1487 1163 1524 1202 a
1576 1144 1947 1203 Phaeacibus
2009 1141 2028 1205 (
2042 1135 2393 1224 96—187).

381 1232 465 1290 At
527 1235 901 1309 experrectus
963 1232 1166 1292 Ulixes
1236 1232 1500 1308 primum
1569 1233 1810 1311 ignorat
1878 1232 2141 1290 insulam
2204 1249 2395 1308 suam,

383 1320 605 1397 quippe
639 1320 860 1380 nebula
893 1320 1123 1380 cinctus
1160 1320 1407 1380 consilio
1443 1320 1762 1399 Minervae,
1809 1339 1945 1380 cum
1983 1339 2105 1397 qua
2139 1319 2397 1396 speciem

383 1408 780 1469 adulescentis
815 1409 1030 1468 induta
1065 1426 1362 1468 sermones
1400 1409 1629 1468 confert
1664 1409 1949 1468 ementito
1985 1407 2249 1486 nomine,
2293 1426 2396 1467 ne-

384 1516 500 1575 que
555 1498 702 1557 adeo
748 1497 993 1557 edoctus
1036 1496 1144 1556 ubi
1189 1497 1270 1556 sit
1313 1515 1384 1556 ac
1429 1497 1603 1556 deam
1646 1500 2020 1573 praesentem
2074 1498 2397 1556 veneratus

382 1588 558 1645 caute
596 1605 771 1664 agere
810 1585 1027 1644 desinit
1064 1576 1502 1667 (188—351);
1541 1605 1694 1663 mox,
1732 1589 2057 1663 postquam
2095 1585 2397 1645 dilabente

382 1674 540 1733 nube
591 1673 887 1733 redditam
929 1674 1192 1750 patriam
1247 1674 1567 1751 salutavit,
1615 1674 1884 1735 Minerva
1930 1674 2060 1734 eius
2104 1673 2263 1734 bona
2306 1693 2397 1733 re·

382 1762 585 1823 condit
619 1763 683 1821 in
719 1764 963 1822 antrum
1004 1762 1322 1838 ipsumque
1362 1765 1501 1821 ante
1540 1762 1740 1823 omnia
1785 1763 1862 1821 ad
1907 1763 2148 1822 caedem
2191 1781 2397 1839 proco·

380 1871 518 1910 rum
560 1851 841 1911 hortatur
883 1853 960 1928 et,
1005 1870 1080 1910 ne
1117 1855 1485 1929 agnoscatur
1520 1851 1595 1910 ab
1631 1851 1917 1929 Euman,
1965 1850 2253 1929 magistro
2301 1870 2399 1909 su-

382 1941 710 2018 bulcorum,
747 1939 1026 2016 notisque
1055 1939 1283 2018 ceteriS‚
1321 1939 1386 1999 in
1414 1958 1615 2000 senem
1642 1940 1980 1999 mendicum
2007 1939 2398 2000 transformat

384 2020 814 2111 (352-440).

1309 2110 1481 2176 XIV.

516 2206 813 2265 Simulato
857 2205 1083 2281 hospiti
1125 2206 1189 2265 in
1236 2225 1436 2264 casam
1480 2205 1823 2265 introducto
1861 2205 2195 2281 Eumaeus,
2240 2204 2399 2263 fidis-

383 2296 569 2354 simus
624 2312 930 2353 servorum
984 2312 1332 2371 semperque
1386 2313 1613 2354 memor
1670 2294 1922 2370 domini,
1982 2312 2219 2351 carnem
2263 2312 2399 2368 por-

384 2383 660 2443 ceHinam
723 2400 860 2442 cum
922 2382 1063 2441 vino
1128 2383 1380 2458 apponit
1448 2373 1786 2463 (1—110).
1889 2379 2184 2440 Oriuntur
2245 2381 2402 2439 inter

385 2489 485 2531 eos
527 2471 681 2531 varii
735 2488 1033 2530 sermones
1088 2470 1159 2529 de
1206 2470 1379 2530 Ulixe
1423 2471 1594 2529 velut
1638 2469 1905 2547 absente,
1964 2489 2143 2546 quem
2187 2469 2251 2527 in
2295 2488 2398 2545 pa-

384 2559 567 2618 triam
610 2577 990 2619 reversurum
1034 2576 1160 2617 esse
1206 2579 1280 2617 ne
1325 2560 1525 2617 iurato
1574 2557 1818 2634 quidem
1854 2557 2043 2617 credit
2078 2557 2399 2635 Eumaeus,

385 2667 493 2708 nec
537 2647 778 2706 dubitat
823 2648 972 2724 quin
1027 2647 1212 2705 etiam
1258 2646 1646 2706 Telemachus
1702 2646 1766 2705 in
1825 2646 2039 2706 itinere
2084 2664 2401 2721 procorum

386 2736 618 2795 insidiis
665 2736 893 2796 occisus
940 2735 1020 2794 sit
1066 2727 1494 2814 (111—184).
1590 2734 1883 2810 Deinceps
1931 2734 2067 2811 quis
2112 2737 2269 2793 esset
2312 2734 2399 2792 in-

388 2827 729 2903 terrogatus
774 2823 978 2883 Ulixes
1023 2823 1267 2900 longam
1312 2824 1525 2883 seriem
1569 2823 1916 2882 fabularum
1961 2821 2159 2901 fingit,
2219 2824 2399 2881 testa·

387 2916 489 2972 tus
535 2913 716 2972 simul
761 2930 824 2972 se
870 2912 1033 2988 apud
1070 2911 1431 2989 Thesprotos
1476 2911 1548 2970 de
1593 2911 1784 2987 ipsius
1829 2911 2167 2988 propinquo
2204 2911 2401 2970 reditu

390 3001 690 3062 audivisse
738 2994 1178 3082 (185—359):
1223 3020 1435 3060 verum
1470 3000 1590 3078 ille,
1628 2999 1807 3058 nimis
1843 2999 2203 3077 increduluS,
2243 2999 2400 3059 obla-

389 3096 519 3150 tam
563 3090 634 3149 de
681 3109 752 3149 ea
800 3109 864 3148 re
920 3088 1297 3164 sponsionem
1353 3089 1567 3148 abnuit
1613 3078 2040 3170 (360—408).
2131 3086 2402 3163 Denique

391 3178 588 3239 cenati
643 3177 815 3237 ambo
870 3196 1007 3236 cum
1059 3178 1308 3254 reliquis
1369 3177 1632 3236 subulcis
1681 3168 2090 3258 (409—456)
2136 3175 2403 3235 cubitum

390 3267 702 3326 discedunt
763 3265 985 3344 frigida
1046 3268 1247 3343 nocte,
1313 3285 1436 3343 qua
1488 3265 1719 3344 UlixeS,
1783 3265 1993 3341 priscis
2055 3263 2403 3342 ambagibus

391 3356 677 3416 sermonis
748 3372 896 3414 usus
910 3402 925 3432 ,
998 3355 1233 3430 corpori
1305 3354 1560 3433 tegendo
1633 3355 1872 3413 laenam
1945 3353 2182 3429 quaerit
2255 3353 2400 3412 acci-

390 3445 600 3523 pitque
647 3444 722 3503 ab
767 3443 1062 3521 Eumaeo,
1112 3445 1217 3519 qui
1262 3463 1399 3503 mox
1446 3444 1521 3501 ad
1568 3461 1749 3502 suum
1794 3441 2129 3502 custodiam
2184 3441 2403 3519 egredi-

391 3538 494 3593 tur
540 3524 972 3616 (457—533).
