2646 3932
371 196 458 260 56
1115 197 1532 248 οΔΤΣΣΕΙΑΣ
1567 198 1629 250 Δ.

456 334 545 416 ὥς
590 335 806 423 ἔφατ’,
847 334 1107 424 Ἀργείη
1156 335 1217 403 δ’
1262 335 1493 423 Ἑλένη
1540 339 1799 425 δμωῇσι
1840 336 2152 405 κέλευσεν

370 441 582 529 δέμνι’
633 441 747 509 ὑπ’
799 444 1092 529 αὑθούσῃ
1136 442 1418 528 θέμεναι
1461 442 1573 510 καὶ
1617 443 1824 530 ῥήγεα
1864 446 2033 511 καλὰ

368 546 694 636 πορφύρε’
745 548 1088 635 ἐμβαλέειν
1135 548 1444 635 στορέσαι
1488 547 1546 614 τ’
1600 548 1938 636 ἐφύπερθε
1982 551 2299 634 τάπητας,

368 659 639 741 χλαίνας
681 652 740 721 τ’
792 654 1144 741 ἐνθέμεναι
1189 656 1393 732 οὔλας
1435 655 1869 741 καθύπερθεν
1912 654 2213 722 ἕσασθαι.

369 762 446 826 αἰ
485 759 546 826 δ’
599 768 752 828 ἴσαν
796 760 869 827 ἐκ
912 762 1227 848 μεγάροιο
1275 762 1438 839 δάος
1480 761 1641 845 μετὰ
1675 759 1905 847 χερσὶν
1939 764 2239 846 ἔχουσαι,
2286 779 2391 827 300

370 866 605 952 δέμνια
652 863 727 933 δὲ
771 871 1124 953 στόρεσαν,
1170 866 1242 933 ἐκ
1290 863 1364 933 δὲ
1410 867 1668 946 ξείνους
1713 867 1829 950 ἄγε
1872 866 2098 954 κῆρυξ.

370 973 442 1038 οἱ
479 970 603 1058 μὲν
650 971 755 1060 ἄρ’
808 973 882 1040 ἐν
926 974 1243 1062 προδόμῳ
1291 974 1504 1057 δόμου
1548 972 1791 1039 αὐτόθι
1835 976 2267 1058 κοιμήσαντο,

378 1077 759 1165 Τηλέμαχός
800 1077 875 1146 θ’
927 1081 1104 1167 ἥρως
1148 1078 1260 1146 καὶ
1304 1077 1648 1165 Νέστορος
1692 1079 1936 1162 ἀγλαὸς
1979 1080 2152 1159 υἱός·

361 1183 697 1271 Ἀτρεΐδης
742 1183 816 1253 δὲ
859 1187 1148 1253 καθεῦδε
1194 1193 1381 1274 μυχῷ
1428 1186 1642 1270 δόμου
1684 1185 2001 1270 ὑψηλοῖο,

368 1293 502 1375 πὰρ
549 1290 611 1359 δ’
654 1290 885 1377 Ἑλένη
930 1293 1346 1369 τανύπεπλος
1390 1289 1682 1374 ἐλέξατο,
1729 1292 1842 1357 δῖα
1884 1304 2239 1375 γυναικῶν.
2286 1310 2391 1359 3οὸ

455 1392 624 1482 ἦμος
668 1395 730 1462 δ’
781 1395 1117 1483 ἠριγένεια
1160 1397 1344 1481 φάνη
1391 1396 1878 1483 ῥοδοδάκτυλος
1916 1394 2116 1482 Ἠώς,

370 1501 611 1588 ὤρνυτ’
662 1500 767 1589 ἄρ’
819 1501 886 1581 ἐξ
931 1502 1175 1587 εὐνῆφι
1218 1503 1390 1586 βοὴν
1433 1500 1687 1584 ἀγαθὸς
1730 1501 2075 1580 Μενέλαος

370 1610 600 1693 εἵματα
646 1607 1034 1694 ἑσσάμενος,
1079 1606 1231 1694 περὶ
1276 1603 1352 1674 δὲ
1396 1607 1587 1691 ξίφος
1632 1607 1750 1687 ὀξὺ
1793 1605 1938 1674 θέτ’
1991 1609 2179 1697 ὤμῳ,

369 1714 571 1781 ποσσὶ
617 1714 679 1782 δ’
731 1714 861 1781 ὑπὸ
908 1720 1290 1801 λιπαροῖσιν
1336 1713 1617 1797 ἐδήσατο
1663 1714 1833 1779 καλὰ
1877 1712 2142 1798 πέδιλα,

367 1825 454 1906 βῆ
502 1819 564 1888 δ’
617 1828 765 1907 ἴμεν
810 1820 883 1887 ἐκ
929 1821 1263 1905 θαλάμοιο
1308 1825 1449 1907 θεῷ
1497 1818 1870 1902 ἐναλίγκιος
1914 1821 2152 1904 ἄντην,
2288 1840 2393 1889 310

379 1927 731 2016 Τηλεμάχῳ
780 1923 854 1994 δὲ
897 1928 1197 2013 παρῖζεν,
1243 1927 1399 2003 ἔπος
1441 1923 1500 1991 τ’
1553 1923 1740 2011 ἔφατ’
1794 1929 1867 1992 ἔκ
1909 1922 1967 1992 τ’
2019 1925 2365 2011 ὀνόμαζεν·

368 2037 596 2119 ,,τίπτε
643 2032 723 2100 δέ
763 2049 838 2099 σε
882 2032 1078 2118 χρειὼ
1125 2027 1308 2117 δεῦρ’
1360 2030 1596 2114 ἤγαγε,
1649 2027 1971 2116 Τηλέμαχ’
2023 2032 2229 2118 ἥρως,

367 2139 438 2218 ἐς
481 2140 949 2223 Λακεδαίμονα
994 2138 1149 2204 δῖαν
1193 2134 1292 2203 ἐπ’
1346 2135 1543 2224 εὐρέα
1586 2148 1765 2203 νῶτα
1808 2138 2179 2222 θαλάσσης;

368 2248 614 2330 δήμιον
656 2239 700 2330 ἦ
748 2245 953 2322 ἴδιον;
996 2244 1153 2333 Ἴτόδε
1198 2266 1311 2327 μοι
1356 2238 1673 2328 νημερτὲς
1717 2241 2039 2321 ἐνίσπες.“

457 2352 576 2417 τὸν
621 2348 682 2416 δ’
736 2342 823 2414 αὖ
877 2346 1253 2433 Τηλέμαχος
1296 2344 1714 2432 πεπνυμένος
1758 2347 1988 2414 ἀντίον
2031 2348 2233 2431 ηὔδα·
2289 2365 2393 2413 315

368 2455 705 2542 ,,Ἀτρεῖδη
754 2453 1060 2521 Μενέλαε
1105 2451 1484 2539 διοτρεφές,
1530 2454 1776 2539 ὄρχαμε
1820 2457 2030 2537 λαῶν,

370 2563 663 2646 ἤλυθον,
709 2568 778 2628 εἴ
813 2562 965 2627 τινά
1010 2585 1126 2646 μοι
1169 2561 1507 2644 κληηδόνα
1550 2561 1797 2647 πατρὸς
1841 2560 2151 2638 ἐνίσποις.

367 2667 674 2734 ἐσθίεταί
711 2690 827 2752 μοι
871 2663 1082 2750 οἶκος,
1130 2667 1339 2732 ὄλωλε
1385 2662 1459 2732 δὲ
1503 2667 1703 2732 πίονα
1748 2668 1935 2752 ἔργα·

368 2770 755 2858 δυσμενέων
800 2769 862 2839 δ’
916 2771 1184 2858 ἀνδρῶν
1229 2777 1455 2849 πλεῖος
1501 2773 1735 2856 δόμος,
1779 2772 1853 2838 οῗ
1890 2769 1966 2837 τέ
2005 2795 2119 2856 μοι
2164 2771 2293 2837 αἰεὶ

371 2878 524 2966 μῆλ’
578 2878 775 2944 ἁδινὰ
820 2879 1146 2962 σφάζουσι
1190 2876 1301 2944 καὶ
1349 2878 1686 2955 εἰλίποδας
1730 2876 1949 2954 ἕλικας
1991 2879 2183 2961 βοῦς,
2288 2893 2393 2942 320

370 2988 617 3072 μητρὸς
661 2983 819 3068 ἐμῆς
862 2991 1231 3069 μνηστῆρες
1273 2980 1599 3067 ὑπέρβιον
1642 2981 1843 3068 ὕβριν
1887 2984 2163 3067 ἔχοντες.

368 3090 651 3156 τούνεκα
696 3098 825 3154 νῦν
867 3088 949 3153 τὰ
993 3087 1079 3152 σὰ
1121 3084 1409 3171 γούναθ’
1464 3087 1801 3171 ἱκάνομαι,
1846 3093 1925 3152 αῖ
1951 3083 2013 3152 κ’
2056 3085 2394 3173 ἐθέλῃσθα

368 3199 600 3263 κείνου
645 3195 897 3281 λυγρὸν
941 3193 1232 3278 ὄλεθρον
1276 3191 1604 3275 ἐνισπεῖν,
1650 3197 1719 3257 εἴ
1753 3213 1886 3257 που
1932 3193 2202 3270 ὄπωπας

365 3301 785 3387 ὀφθαλμοῖσι
828 3310 1079 3365 τεοῖσιν
1122 3297 1165 3383 ἢ
1211 3299 1422 3364 ἄλλου
1465 3303 1691 3383 μῦθον
1735 3299 2024 3376 ἄκουσας

374 3406 841 3493 [πλαζομένου·
885 3403 1038 3488 περὶ
1082 3406 1210 3492 γάρ
1256 3428 1375 3490 μιν
1420 3403 1689 3490 ὀιζυρὸν
1732 3401 1876 3470 τέκε
1921 3405 2180 3489 μήτηρ.]
2289 3417 2393 3467 325

366 3511 542 3598 μηδέ
579 3514 652 3578 τί
690 3509 758 3597 μ’
810 3512 1162 3595 αἰδόμενος
1206 3511 1539 3594 μειλίσσεο
1592 3507 1744 3593 μηδ’
1798 3508 2145 3595 ἐλεαίρων,
