2646 3932
950 188 1367 240 οΔΤΣΣΕιΑΣ
1403 189 1525 239 xn.
2133 184 2258 248 193

241 341 357 416 τῆς
402 327 443 414 ἦ
489 354 593 396 τοι
639 332 838 407 πόδες
883 327 1011 396 εἰσὶ
1058 331 1361 396 δυώδεκα
1405 331 1644 408 πάντες
1690 332 1924 416 ἄωροι,

243 436 309 516 ἓξ
357 435 437 502 δέ
474 436 550 502 τέ
591 439 662 503 oc
703 433 917 523 δειραὶ
961 438 1375 520 περιμήκεες,
1423 435 1496 501 έν
1542 432 1615 501 δὲ
1662 434 1898 521 ἑκάστῃ
2022 483 2034 497 .
2191 451 2260 500 90

245 541 609 628 σμερδαλέη
656 545 942 627 κεφαλή,
990 541 1064 607 έν
1110 537 1182 606 δὲ
1226 544 1589 625 τρίστοιχοι
1634 540 1901 618 ὀδόντες

244 646 485 714 πυκνοὶ
530 646 639 714 καὶ
684 647 958 732 θαμέες,
1004 652 1218 712 πλεῖοι
1255 645 1538 731 μέλανος
1582 646 1922 713 θανάτοιο.

244 755 449 840 μέσση
495 752 617 839 μέν
660 777 729 819 τε
773 754 937 818 κατὰ
983 755 1252 829 σπείους
1296 755 1549 818 κοίλοιο
1598 750 1905 836 δέδυκεν,

245 862 365 942 ἔξω
412 858 473 926 δ’
525 859 763 943 ἐξίσχει
808 858 1099 942 κεφαλὰς
1144 858 1395 923 δεινοῖο
1439 855 1799 943 βερέθρου,

246 967 452 1033 αὐτοῦ
499 964 560 1032 δ’
615 966 894 1050 ἰχθυάᾳ,
942 967 1266 1030 σκόπελον
1311 965 1856 1048 περιμαιμώωσα,
2191 981 2258 1030 96

246 1073 564 1158 δελφῖνάς
606 1094 676 1136 τε
721 1072 927 1148 κύνας
970 1094 1072 1153 τε,
1118 1069 1226 1136 καὶ
1274 1076 1342 1135 εἴ
1378 1076 1544 1135 ποθι
1590 1073 1812 1154 μεῖζον
1857 1068 2084 1154 ἕλῃσιν

244 1187 470 1263 κῆτος,
517 1178 559 1242 ἃ
604 1180 808 1264 μυρία
853 1179 1080 1260 βόσκει
1127 1177 1493 1259 ἀγάστονος
1529 1175 1932 1262 Ἀμφιτρίτη.

245 1294 323 1371 τῇ
372 1283 432 1350 δ’
487 1284 571 1349 οὔ
614 1285 715 1349 πώ
761 1306 919 1349 ποτε
966 1292 1202 1349 ναῦται
1248 1283 1511 1368 ἀκήριοι
1556 1283 1987 1366 εὐχετόωνται

245 1388 657 1475 παρφυγέειν
703 1393 831 1455 σὺν
875 1393 1014 1477 νηί·
1060 1388 1248 1474 φέρει
1296 1388 1375 1454 δέ
1416 1412 1483 1455 τε
1528 1387 1719 1473 κρατὶ
1764 1386 2012 1476 ἑκάστῳ

248 1493 412 1580 φῶτ’
465 1495 873 1582 ἐξαρπάξασα
918 1496 1066 1572 νεὸς
1110 1495 1632 1581 κυανοπρώροιο.
2161 1511 2261 1559 100

247 1603 363 1667 τὸν
409 1599 471 1667 δ’
524 1600 752 1684 ἕτερον
789 1605 1113 1668 σκόπελον
1148 1602 1668 1686 χθαμαλώτερον
1714 1603 1885 1684 ὄψει,
1926 1599 2259 1667 Ὀδυσσεῦ.

246 1710 528 1793 πλησίον
573 1708 905 1792 ἀλλήλων·
950 1711 1067 1774 καί
1104 1731 1220 1773 κεν
1267 1708 1758 1783 διοϊστεύσειας.

244 1824 334 1904 τῷ
382 1813 444 1880 δ’
498 1814 572 1881 έν
618 1814 870 1896 ἐρινεὸς
915 1818 1054 1881 ἔστι
1099 1813 1331 1898 μέγας,
1377 1813 1691 1897 φύλλοισι
1736 1816 2058 1898 τεθηλώς·

246 1931 336 2011 τῷ
384 1919 445 1988 δ’
497 1919 627 1986 ὑπὸ
677 1922 789 1987 δῖα
836 1922 1175 2008 Χάρυβδις
1221 1920 1655 2006 ἀναρροιβδεῖ
1694 1920 1899 2006 μέλαν
1943 1921 2144 2007 ὕδωρ.

246 2025 388 2112 τρὶς
414 2023 534 2111 μὲν
560 2028 685 2114 γάρ
702 2025 772 2092 τ’
807 2027 1072 2112 ἀνιήσιν
1102 2026 1200 2093 ἐπ’
1233 2029 1454 2113 ἤματι,
1480 2025 1623 2113 τρὶς
1650 2025 1711 2092 δ’
1748 2027 2136 2113 ἀναροιβδεῖ
2161 2044 2261 2093 105

250 2134 505 2198 δεινόν·
550 2133 638 2217 μὴ
687 2134 772 2199 σύ
816 2157 890 2216 γε
937 2140 1116 2199 κεῖθι
1161 2134 1414 2218 τύχοις,
1461 2134 1566 2199 ὅτε
1615 2133 2058 2220 ῥοιβδήσειεν·
2155 2167 2160 2172 ·

250 2239 332 2304 οὐ
376 2239 503 2321 γάρ
547 2262 662 2304 κεν
708 2239 980 2322 ῥύσαιτό
1028 2237 1089 2304 σ’
1141 2236 1306 2305 ὑπὲκ
1350 2248 1557 2305 κακοῦ
1603 2237 1750 2305 οὐδ’
1803 2238 2191 2325 ἐνοσίχθων.

250 2345 416 2409 ἀλλὰ
460 2346 633 2428 μάλα
677 2345 986 2428 Σκύλλης
1031 2345 1325 2434 σκοπέλῳ
1373 2344 1782 2429 πεπλημένος
1828 2341 1963 2411 ὦκα

184 2453 189 2462 ’
250 2459 379 2534 νῆα
424 2447 861 2535 παρεξελάαν,
909 2449 1047 2516 ἐπεὶ
1092 2446 1132 2534 ἦ
1180 2454 1351 2516 πολὺ
1398 2450 1721 2537 φέρτερόν
1766 2449 1945 2516 ἐστιν

247 2556 315 2636 ἓξ
361 2554 635 2641 ἑτάρους
680 2554 754 2621 έν
797 2555 910 2640 νηὶ
955 2558 1330 2640 ποθήμεναι
1375 2556 1416 2640 ἢ
1463 2558 1596 2642 ἅμα
1639 2556 1928 2633 πάντας·
2163 2573 2263 2623 110

336 2656 426 2739 ὧς
471 2657 688 2745 ἔφατ’,
735 2660 944 2746 αὐτὰρ
991 2660 1119 2744 ἐγώ
1166 2686 1282 2745 μιν
1319 2662 1751 2747 ἀμειβόμενος
1794 2660 2218 2747 προσέειπον·

247 2770 332 2852 ,εἰ
374 2765 437 2833 δ’
490 2769 608 2850 ἄγε
657 2769 739 2852 δή
785 2791 897 2852 μοι
932 2777 1169 2858 τοῦτο,
1216 2770 1374 2851 θεά,
1420 2765 1736 2854 νημερτὲς
1779 2767 2068 2852 ἐνίσπες,

247 2879 314 2938 εἴ
349 2895 487 2950 πως
529 2875 653 2958 τὴν
699 2874 902 2958 ὀλοὴν
946 2871 1069 2958 μὲν
1112 2874 1689 2959 ὑπεκπροφύγοιμι
1737 2875 2115 2960 Χάρυβδιν,

246 2979 369 3063 τὴν
415 2978 493 3044 δέ
533 2977 595 3045 κ’
649 2979 1058 3064 ἀμυναίμην,
1106 2980 1213 3044 ὅτε
1258 3002 1373 3064 μοι
1418 2982 1670 3045 σίνοιτό
1716 2977 1779 3062 γ’
1832 2977 2173 3065 ἕταίρουςέ

336 3080 426 3162 ὥς
470 3084 760 3170 ἐφάμην,
804 3085 846 3168 ἡ
895 3083 956 3151 δ’
1011 3083 1222 3151 αὐτίκ’
1275 3085 1576 3170 ἀμείβετο
1624 3088 1734 3151 δῖα
1777 3087 2031 3152 θεάων·
2161 3103 2262 3154 116

248 3188 551 3275 ,σχέτλιε,
597 3189 707 3257 καὶ
753 3192 835 3275 δὴ
883 3185 969 3256 αὖ
1012 3214 1117 3257 τοι
1162 3195 1484 3276 πολεμήια
1529 3194 1689 3276 ἔργα
1734 3190 2020 3277 μέμηλεν

244 3294 354 3362 καὶ
398 3297 630 3373 πόνος·
676 3292 835 3363 οὐδὲ
878 3304 1144 3363 θεοῖσιν
1188 3296 1482 3375 ὑπείξεαι
1529 3297 1993 3378 ἀθανάτοισιν;

243 3402 285 3485 ἡ
334 3400 414 3467 δέ
452 3426 556 3468 τοι
604 3403 686 3468 ού
730 3406 979 3488 θνητή,
1026 3400 1169 3468 ἀλλ’
1224 3402 1565 3469 ἀθάνατον
1609 3404 1815 3469 κακόν
1860 3403 2070 3488 ἐστιν,

245 3510 472 3575 δεινόν
516 3507 574 3574 τ’
628 3509 953 3595 ἀργαλέον
997 3532 1066 3575 τε
1111 3506 1223 3576 καὶ
1268 3511 1506 3597 ἄγριον
1552 3507 1710 3576 οὐδὲ
1755 3513 2071 3596 μαχητόν·

347 3624 547 3665 Homzm
579 3622 815 3665 omnen.
872 3625 912 3666 1.
1770 3620 1835 3670 13
