2646 3932
391 135 517 256 126
1139 194 1556 245 οΔΤΣΣΕΙΑΣ
1595 193 1662 245 Θ.

386 335 658 417 τούτου,
706 333 744 400 ὃ
792 337 877 419 δή
923 359 1039 420 μοι
1084 337 1300 413 δῶκας
1348 334 1796 421 ἀρεσσάμενος
1841 332 2209 401 ἐπέεσσιν.“
2309 350 2415 399 415

338 438 344 444 ’
473 435 514 524 ἦ
562 441 646 527 ῥα
690 439 801 507 καὶ
847 436 1012 526 ἀμφ’
1063 442 1303 527 ὤμοισι
1347 440 1509 508 θέτο
1558 442 1749 527 ξίφος
1794 439 2233 526 ἀργυρόηλον.

388 546 625 611 δύσετό
670 542 729 610 τ’
780 545 1003 630 ἠέλιος
1056 546 1168 614 καὶ
1209 557 1301 637 τῷ
1347 547 1556 614 κλυτὰ
1602 549 1785 633 δῶρα
1832 553 2103 631 παρῆεν.
2232 630 2236 634 .

387 648 497 717 καὶ
541 652 623 717 τά
666 649 729 735 γ’
783 653 849 731 ἐς
887 651 1252 719 Ἀλκινόοιο
1298 652 1512 739 φέρον
1557 655 1838 738 κήρυκες
1885 652 2149 736 ἀγαυοί·

389 756 733 842 δεξάμενοι
778 755 844 824 δ’
897 760 1027 844 ἄρα
1071 760 1303 836 παῖδες
1349 758 1688 843 ἀμύμονος
1729 752 2092 823 Ἀλκινόοιο

387 861 584 948 μητρὶ
627 858 783 949 παρ’
835 865 1058 950 αἰδοίῃ
1104 866 1352 930 ἔθεσαν
1394 862 1790 951 περικαλλέα
1835 864 2034 948 δῶρα.
2304 878 2412 927 420

336 1041 342 1045 ,
387 979 603 1034 τοῖσιν
648 964 711 1035 δ’
761 963 1110 1055 ἡγεμόνευ’
1163 969 1346 1055 ἱερὸν
1391 967 1589 1054 μένος
1629 963 2028 1051 Ἀλκινόοιο,

390 1072 703 1151 ἐλθόντες
746 1070 822 1140 δὲ
864 1076 1144 1153 καθῖζον
1189 1072 1264 1139 ἐν
1307 1073 1627 1159 ὑψηλοῖσι
1670 1076 2044 1160 θρόνοισιν.

390 1180 474 1263 δή
521 1180 606 1266 ῥα
649 1175 783 1245 τότ’
812 1173 1109 1264 -Ἀρήτην
1153 1177 1457 1266 προσέφη
1505 1178 1701 1264 μένος
1740 1174 2133 1244 Ἀλκινόοιο·

390 1286 667 1370 ,,δεῦρο,
711 1285 941 1369 γύναι,
988 1282 1151 1371 φέρε
1195 1286 1416 1369 χηλὸν.
1447 1283 1813 1371 ἀριπρεπέ’,
1859 1285 1902 1367 ἥ
1947 1308 2047 1362 τις
2093 1283 2355 1370 ἀρίστη·

390 1390 463 1456 ἐν
510 1385 572 1456 δ’
624 1390 790 1475 αὐτὴ
835 1386 957 1467 θὲς
1001 1399 1216 1476 φᾶρος
1263 1386 1583 1467 ἐυπλυνὲς
1627 1386 1747 1473 ἠδὲ
1792 1403 2067 1475 χιτῶνα,
2305 1409 2410 1457 425

390 1495 560 1583 ἀμφὶ
607 1495 686 1563 δέ
727 1497 799 1562 οἰ
836 1494 1000 1582 πυρὶ
1044 1498 1290 1582 χαλκὸν
1339 1499 1599 1587 ἰήνατε,
1637 1495 1917 1582 θέρμετε
1964 1492 2027 1562 δ’
2076 1497 2292 1583 ὕδωρ,

390 1605 568 1688 ὄφρα
614 1603 1052 1687 λοεσσάμενός
1094 1625 1166 1668 τε
1214 1603 1379 1668 ἰδών
1423 1597 1480 1667 τ’
1534 1601 1609 1669 ἐὺ
1653 1605 1920 1687 κείμενα
1963 1604 2176 1668 πάντα

391 1710 605 1793 δῶρα,
650 1709 731 1774 τά
776 1708 847 1773 οἱ
892 1710 1175 1793 Φαίηκες
1222 1707 1554 1793 ἀμύμονες
1600 1703 1834 1774 ἐνθάδ’
1885 1712 2174 1792 ἔνεικαν,

391 1815 574 1879 δαιτί
609 1837 679 1879 τε
724 1811 1036 1898 τέρπηται
1077 1812 1191 1880 καὶ
1235 1813 1468 1898 ἀοιδῆς
1510 1813 1727 1899 ὕμνον
1773 1813 2053 1880 ἀκούων.

389 1923 506 1987 καί
545 1920 617 1986 οἰ
655 1919 782 2004 ἐγὼ
830 1914 971 1986 τόδ’
1022 1921 1291 1986 ἄλεισον
1338 1919 1497 2005 ἐμὸν
1535 1916 1920 2005 περικαλλὲς
1956 1920 2256 2005 ὀπάσσω,
2304 1937 2408 1987 430

389 2027 702 2112 χρύσεον,
749 2024 904 2113 ὄφρ’
958 2025 1197 2112 ἐμέθεν
1243 2025 1656 2112 μεμνημένος
1700 2027 1917 2111 ἤματα
1960 2028 2173 2093 πάντα

391 2131 640 2219 σπένδῃ
687 2131 788 2198 ἐνὶ
831 2134 1095 2222 μεγάρφ
1140 2135 1268 2198 Διί
1305 2127 1364 2198 τ’
1417 2134 1717 2198 ἄλλοισίν
1761 2155 1830 2198 τε
1875 2134 2203 2198 θεοτσιν.“

480 2233 568 2316 ὥς
617 2233 832 2323 ἔφατ’,
873 2233 1107 2324 Ἀρήτη
1155 2234 1230 2304 δὲ
1275 2239 1436 2323 μετὰ
1482 2239 1781 2323 δμωῇσιν
1826 2239 2042 2304 ἔειπεν

392 2342 562 2429 ἀμφὶ
604 2342 767 2429 πυρὶ
812 2352 1048 2427 στῆσαι
1091 2345 1374 2428 τρίποδα
1417 2341 1624 2428 μέγαν
1669 2343 1808 2409 ὅττι
1851 2344 2139 2429 τάχιστα.

392 2451 466 2516 αἱ
506 2446 580 2516 δὲ
624 2452 1016 2534 λοετροχόον
1060 2444 1317 2534 τρίποδ’
1370 2450 1648 2515 ἵστασαν
1692 2449 1766 2516 ἐν
1809 2448 1973 2535 πυρὶ
2013 2448 2254 2538 κηλέῳ,
2303 2466 2405 2516 436

392 2559 464 2622 ἔν
510 2551 571 2621 δ’
625 2550 729 2641 ἄρ’
780 2555 964 2640 ὕδωρ
1010 2557 1228 2639 ἔχεαν,
1273 2554 1405 2621 ὑπὸ
1452 2551 1526 2621 δὲ
1571 2553 1734 2633 ξύλα
1778 2557 1972 2621 δαῖον
2018 2555 2302 2622 ἑλοῦσαι.

391 2663 683 2747 γάστρην
727 2656 849 2745 μὲν
891 2662 1206 2746 τρίποδος
1249 2670 1383 2746 πῦρ
1430 2662 1718 2746 ἄμφεπε,
1763 2660 2048 2746 θέρμετο
2096 2657 2157 2727 δ’
2190 2662 2406 2747 ὕδωρ·

390 2771 606 2853 τόφρα
652 2761 715 2833 δ’
767 2764 871 2852 ἄρ’
919 2761 1153 2852 Ἀρήτη
1201 2766 1392 2855 ξείνφ
1437 2765 1829 2851 περικαλλέα
1873 2768 2079 2851 χηλὸν

392 2873 698 2959 ἐξέφερεν
741 2874 1106 2958 θαλάμοιο,
1152 2875 1331 2937 τίθει
1375 2866 1438 2937 δ’
1489 2870 1590 2937 ἐνὶ
1634 2874 1916 2957 κάλλιμα
1963 2874 2174 2958 δῶρα,

392 2979 639 3063 ἐσθῆτα
683 2980 935 3065 χρυσόν
979 3002 1079 3061 τε,
1123 2978 1204 3043 τά
1250 2977 1322 3042 οἰ
1367 2981 1649 3062 Φαίηκες
1694 2979 1977 3044 ἔδωκαν·
2303 2994 2408 3045 440

392 3083 465 3151 ἐν
510 3078 572 3149 δ’
624 3084 789 3169 αὐτὴ
837 3094 1051 3170 φᾶρος
1094 3089 1307 3167 θῆκεν
1352 3085 1557 3148 καλόν
1599 3107 1668 3150 τε
1714 3096 1989 3170 χιτῶνα,

391 3194 507 3256 καί
545 3215 660 3275 μιν
705 3185 1049 3275 φωνήσασ’
1103 3192 1258 3255 ἔπεα
1302 3191 1657 3274 πτερόεντα
1702 3191 2079 3276 προσηύδα·

393 3297 636 3381 »αὐτὸς
678 3306 807 3362 νῦν
852 3297 953 3362 ἴδε
997 3307 1220 3380 πῶμα,
1264 3300 1449 3372 θοῶς
1493 3290 1555 3362 δ’
1605 3294 1711 3362 ἐπὶ
1759 3296 2004 3381 δεσμὸν
2050 3299 2270 3380 ἴηλον,

393 3406 482 3488 μή
524 3405 625 3480 τίς
667 3427 772 3469 τοι
815 3397 971 3469 καθ’
1023 3401 1186 3468 ὁδὸν
1233 3402 1613 3486 δηλήσεται,
1662 3400 1890 3468 ὁππότ’
1943 3400 2028 3467 ἂν
2072 3396 2227 3467 αὖτε

393 3509 695 3594 εὕδῃσθα
738 3512 992 3592 γλυκὺν
1035 3507 1254 3573 ὕπνον
1299 3509 1421 3573 ἰὼν
1467 3506 1540 3573 ἐν
1585 3506 1698 3591 νηὶ
1741 3510 2080 3594 μελαίνῃ.“
2301 3524 2405 3573 445
