2646 3932
1000 168 1415 220 οΔΤΣΣΕΙΑΣ
1451 169 1571 222 VIL
2146 165 2267 231 101

853 406 1517 483 ΟΔΤΣΣΕΙΑΣ
1567 408 1665 485 Η.

401 624 901 756 Ὀδυσσέως
954 677 1319 756 εἴσοδος
1373 668 1597 762 πρὸς
1641 668 2123 745 Ἀλκίνουν.

333 828 448 914 Ὦς
492 837 528 904 ὁ
573 834 696 922 μὲν
740 837 886 904 ἔνθ’
938 839 1142 924 ἠρᾶτο
1188 839 1517 917 πολύτλας
1564 841 1707 916 δῖος
1745 836 2126 922 Ὀδυσσεύς,

257 943 508 1028 κούρην
554 939 629 1008 δὲ
674 942 867 1029 προτὶ
915 944 1080 1008 ἄστυ
1125 940 1331 1027 φέρεν
1376 941 1572 1027 μένος
1615 942 1968 1028 ἡμιόνοιιν.

255 1047 296 1131 ἡ
346 1045 407 1112 δ’
461 1048 567 1114 ὅτε
615 1048 698 1132 δὴ
747 1043 829 1114 οὗ
874 1050 1118 1134 πατρὸς
1164 1048 1499 1131 ἀγακλυτὰ
1545 1046 1805 1133 δώμαθ’
1856 1049 2086 1114 ἵκανεν
2100 1096 2119 1132 ,

258 1163 498 1237 στῆσεν
543 1148 650 1241 ἄρ’
703 1153 776 1219 ἐν
819 1156 1254 1240 προθύροισι,
1299 1157 1689 1238 κασίγνητοι
1735 1146 1815 1220 δέ
1854 1147 1983 1239 μιν·
2015 1152 2220 1239 ἀμφὶς

258 1258 506 1326 ἵσταντ’
561 1260 922 1338 ἀθανάτοις
968 1259 1359 1344 ἐναλίγκιοι,
1408 1262 1478 1325 οἵ
1520 1258 1583 1347 ῤ’
1634 1256 1749 1326 ὑπ’
1802 1260 2055 1343 ἀπήνης
2248 1276 2279 1323 5

258 1366 576 1451 ἡμιόνους
622 1367 821 1431 ἔλυον
866 1365 1115 1450 ἐσθῆτά
1159 1363 1230 1432 τε
1276 1369 1563 1451 ἔσφερον
1609 1373 1784 1432 εἴσω.

260 1473 424 1554 αὐτὴ
472 1470 534 1538 δ’
588 1472 655 1550 ἐς
696 1474 1006 1558 θάλαμον
1052 1471 1164 1538 ε”ὸν
1208 1474 1341 1556 ἤιε·
1387 1475 1530 1538 δαῖε
1579 1472 1659 1539 δέ
1699 1473 1769 1539 oc
1808 1481 1941 1558 πῦρ

258 1587 465 1665 γρῆυς
503 1575 835 1664 Ἀπειραίη
888 1577 1364 1664 θαλαμηπόλος
1408 1577 1923 1664 Εὐρυμέδουσα,

257 1688 378 1769 τήν
422 1682 566 1750 ποτ’
613 1682 1004 1771 Ἀπείρηθεν
1047 1684 1191 1762 νέες
1234 1686 1490 1768 ἤγαγον
1535 1683 1988 1769 ἀμφιέλισσαι·

196 1839 206 1849 .
253 1789 563 1879 Ἀλκινόῳ
611 1789 673 1856 δ’
726 1791 936 1875 αὐτὴν
981 1790 1176 1874 γέρας
1222 1790 1476 1873 ἔξελον,
1524 1790 1767 1855 οὕνεκα
1812 1799 2015 1854 πᾶσιν
2216 1805 2281 1853 10

265 1900 667 1982 Φαιήκεσσιν
712 1898 987 1981 ἄνασσε,
1033 1903 1203 1963 θεοῦ
1250 1895 1312 1961 δ’
1367 1896 1455 1975 ὣς
1501 1898 1708 1982 δῆμος
1755 1897 2023 1961 ἄκουεν·

259 2003 299 2085 ἢ
345 2001 544 2087 τρέφε
591 2002 987 2067 Ναυσικάαν
1034 2002 1446 2067 λευκώλενον
1491 2001 1565 2067 ἐν
1609 2002 2012 2086 μεγάροισιν.

261 2109 301 2191 ἥ
348 2108 418 2173 οἷ
457 2116 590 2191 πῦρ
638 2104 897 2170 ἀνέκαιε
941 2103 1053 2171 καὶ
1100 2112 1255 2171 είσω
1303 2107 1557 2191 δόρπον
1604 2104 1922 2189 ἑκόσμειν.

348 2208 458 2277 καὶ
528 2209 666 2275 τότ’
731 2209 1085 2288 Ὀδυσσεὺς
1149 2207 1319 2307 ὦρτο
1385 2208 1652 2276 πόλινδ’
1723 2217 1872 2296 ἴμεν
1893 2232 1908 2247 ·
1973 2210 2142 2295 ἀμφὶ
2209 2210 2273 2275 δ’

1103 2314 1353 2400 Ἀθήνη

260 2423 514 2505 πολλὴν
557 2421 719 2507 ἠέρα
764 2430 913 2506 χεῦε
960 2424 1124 2506 φίλα
1168 2419 1528 2506 φρονέουσ’
1577 2420 1872 2504 Ὀδυσῆι,
2217 2441 2280 2488 15

260 2532 349 2614 μή
393 2552 493 2605 τις
543 2529 854 2610 Φαιήκων
898 2526 1304 2611 μεγαθύμων
1352 2526 1787 2611 ἀντιβολήσας
2201 2514 2207 2523 ”

258 2622 598 2719 κερτομέοι
641 2629 699 2695 τ’
753 2629 1011 2696 ἐπέεσσι
1054 2630 1165 2697 καὶ
1211 2630 1557 2716 ἐξερέοιθ’,
1604 2632 1741 2708 ὅτις
1785 2638 1904 2715 εἴη.

261 2738 401 2806 ἀλλ’
455 2738 561 2803 ὅτε
609 2738 693 2820 δὴ
742 2734 847 2822 ἄρ’
899 2739 1125 2822 ἔμελλε
1171 2739 1368 2803 πόλιν
1415 2738 1741 2802 δύσεσθαι
1787 2736 2101 2823 ἐραννήν,

262 2847 428 2909 ἔνθα
473 2844 544 2909 οί
584 2843 981 2927 ἀντεβόλησε
1027 2843 1186 2926 θεά,
1231 2849 1611 2927 γλαυκῶπις
1641 2834 1929 2927 Ἀθήνη,

261 2955 632 3034 παρθενικῇ
678 2948 892 3014 ἐικυῖα
937 2949 1195 3032 νεήνιδι
1240 2949 1481 3014 κάλπιν
1525 2942 1800 3034 ἐχούσῃ·
2212 2965 2282 3014 20

263 3063 382 3137 στῆ
431 3050 503 3119 δὲ
547 3052 791 3139 πρόσθ’
845 3054 1084 3136 αὐτοῦ,
1131 3052 1168 3119 ὁ
1215 3051 1277 3118 δ’
1330 3053 1625 3139 ἀνείρετο
1674 3056 1817 3131 δῖος
1857 3053 2235 3132 Ὀδυσσεύς·

262 3154 359 3241 ,,ὦ
405 3157 620 3242 τέκος,
668 3160 791 3225 οὐκ
837 3161 922 3225 ἄν
966 3184 1080 3244 μοι
1127 3160 1338 3244 δόμον
1383 3158 1618 3245 ἀνέρος
1660 3159 1942 3244 ἡγήσαιο

255 3262 626 3348 Ἀλκινόου,
673 3264 746 3342 ὃς
790 3267 1012 3331 τοῖσδε
1057 3262 1194 3350 μετ’
1248 3265 1667 3350 ἀνθρώποισι
1713 3265 2011 3346 ἀνάσσει;

261 3367 372 3436 καὶ
414 3369 541 3455 γὰρ
588 3369 713 3453 ἐγὼ
763 3369 973 3449 ξεῖνος
1016 3374 1434 3456 ταλαπείριος
1479 3369 1712 3437 ἐνθάδ’
1765 3371 1969 3436 ίκάνω

261 3478 548 3558 τηλόθεν
594 3474 660 3554 ἐξ
707 3476 900 3561 ἀπίης
943 3479 1164 3561 γαίης·
1208 3485 1299 3564 τῷ
1348 3477 1429 3541 οὕ
1474 3500 1623 3541 τινα
1669 3471 1822 3540 οἶδα
2211 3491 2278 3542 26
