2646 3932
953 145 1369 196 οΔΤΣΣΕῙΑΣ
1405 147 1497 199 xl.
2101 144 2236 209 175

219 297 439 363 σοῖσιν
483 285 585 352 ἐνὶ
629 287 1043 372 μεγάροισιν·
1088 284 1346 371 ὀιζυραὶ
1391 285 1470 352 δέ
1511 288 1582 353 οἰ
1621 285 1751 352 αἰεὶ

218 394 589 476 φθίνουσιν
631 393 865 470 νύκτες
908 415 978 458 τε
1022 390 1134 458 καὶ
1177 393 1394 476 ἤματα
1439 393 1650 478 δάκρυ
1696 393 1958 479 χεούσῃ.

219 497 342 561 σὸν
388 490 451 561 δ’
502 498 585 562 οὔ
628 498 730 562 πώ
774 521 876 574 τις
920 500 1054 581 ἔχει
1095 499 1303 563 καλὸν
1326 496 1572 582 γέρας,
1620 495 1787 563 ἀλλὰ
1831 496 2063 582 ἕκηλος

227 598 603 685 Τηλέμαχος
644 600 915 687 τεμένεα
959 601 1223 687 νέμεται
1266 601 1379 669 καὶ
1426 605 1654 680 δαῖτας
1698 602 1878 680 ἐίσας
2138 620 2239 670 185

221 708 555 791 δαίνυται,
602 707 680 786 ἃς
724 707 975 776 ἐπέοικε
1023 711 1430 775 δικασπόλον
1476 704 1667 795 ἄνδρ’
1718 695 2094 794 ἀλεγύνειν·

218 814 458 890 πάντες
501 814 629 900 γὰρ
672 813 1002 880 καλέουσι.
1094 815 1308 899 πατὴρ
1358 810 1430 880 δὲ
1477 815 1594 892 σὸς
1638 815 1881 880 αὐτόθι
1925 817 2148 899 μίμνει

221 917 433 1007 ἀγρῷ,
482 917 641 986 οὐδὲ
686 922 960 986 πόλινδε
1004 919 1400 1005 κατέρχεται.
1494 919 1659 986 οὐδέ
1699 921 1771 986 οἱ
1810 918 1999 987 εὐναὶ

221 1024 456 1109 δέμνια
497 1024 609 1091 καὶ
653 1032 917 1110 χλαῖναι
960 1024 1072 1092 καὶ
1118 1027 1322 1113 ρήγεα
1368 1028 1790 1109 σιγαλόεντα,

220 1124 364 1195 ἀλλ’
415 1130 453 1196 ὅ
495 1155 571 1214 γε
615 1143 808 1217 χεῖμα
852 1128 974 1216 μὲν
1018 1131 1229 1215 εὕδει,
1276 1132 1393 1197 ὅθι
1439 1133 1653 1216 δμῶες
1698 1129 1799 1196 ἐνὶ
1845 1137 2037 1219 οῖκω,
2137 1148 2240 1198 190

221 1235 295 1301 ἐν
329 1238 487 1302 ’κόνι
533 1238 684 1322 ἄγχι
728 1241 968 1324 πυρός,
1014 1238 1182 1303 κακὰ
1227 1233 1302 1302 δὲ
1348 1239 1503 1321 χροῒ
1543 1237 1775 1320 εἵματα
1820 1228 2017 1302 εἷται·

221 1340 430 1427 αὐτὰρ
477 1341 643 1426 ἐπὴν
687 1345 924 1427 ἔλθῃσι
967 1340 1172 1428 θέρος
1214 1343 1539 1408 τεθαλυῖά
1582 1335 1640 1406 τ’
1693 1340 1950 1426 ὀπώρη,

219 1445 434 1530 πάντῃ
481 1447 551 1511 οἰ
588 1448 753 1512 κατὰ
797 1447 1048 1530 γουνὸν
1094 1445 1310 1529 ἀλωῆς
1357 1445 1735 1512 οἰνοπέδοιο

222 1550 498 1633 φύλλων
539 1549 942 1636 κεκλιμένων
984 1549 1325 1636 χθαμαλαὶ
1368 1553 1723 1635 βεβλήαται
1771 1551 1979 1618 εὐναί.

220 1649 369 1720 ἔνθ’
411 1654 449 1720 ὅ
484 1680 557 1739 γε
594 1651 753 1722 κεῖτ’
798 1654 1039 1740 ἀχέων,
1077 1654 1244 1740 μέγα
1281 1653 1356 1722 δὲ
1393 1654 1593 1743 φρεσὶ
1628 1654 1881 1733 πένθος
1921 1655 2091 1737 ἀέξει
2141 1674 2242 1724 195

220 1761 343 1827 σὸν
388 1764 632 1828 νόστον
675 1760 977 1845 ποθέων,
1023 1764 1311 1847 χαλεπὸν
1359 1757 1421 1828 δ’
1473 1760 1580 1828 ἐπὶ
1626 1771 1833 1848 γῆρας
1879 1763 2106 1828 ἱκάνει.

221 1866 393 1932 οὕτω
440 1869 566 1952 γὰρ
612 1865 724 1932 καὶ
770 1866 943 1951 ἐγὼν
988 1867 1240 1952 ὀλόμην
1283 1865 1398 1933 καὶ
1440 1870 1695 1952 πότμον
1740 1865 2053 1933 ἐπέσπον·

222 1968 362 2038 οὔτ’
414 1973 530 2058 ἐμέ
569 1969 635 2057 γ’
686 1974 760 2040 ἐν
806 1975 1194 2061 μεγάροισιν
1240 1974 1565 2064 ἐύσκοπος
1613 1973 1908 2060 ἰοχέαιρα

223 2069 324 2155 οἷς
368 2078 640 2161 ἀγανοῖς
683 2079 1023 2163 βελέεσσιν
1069 2079 1462 2165 ἐποιχομένη
1509 2078 1947 2166 κατέπεφνεν,

224 2184 377 2249 οὔτε
422 2208 522 2262 τις
567 2180 692 2251 οὖν
738 2208 851 2270 μοι
893 2195 1139 2264 νοῦσος
1184 2186 1551 2270 ἐπήλυθεν,
1596 2186 1640 2269 ἥ
1684 2208 1755 2251 τε
1800 2187 2087 2270 μάλιστα
2140 2201 2244 2251 200

222 2290 529 2373 τηκεδόνι
573 2300 855 2377 στυγερῇ
902 2290 1154 2376 μελέων
1199 2291 1477 2372 ἐξείλετο
1522 2293 1775 2376 θυμόν·

223 2392 390 2460 ἀλλά
434 2420 514 2480 με
562 2397 677 2473 σός
719 2419 789 2462 τε
834 2399 1050 2474 πόθος
1084 2398 1170 2462 σά
1203 2421 1274 2463 τε
1311 2399 1552 2482 μήδεα,
1597 2391 1859 2482 φαίδιμ’
1895 2391 2243 2479 Ὀδυσσεῦ,

222 2502 308 2586 σή
351 2496 410 2568 τ’
461 2502 980 2589 ἀγανοφροσύνη
1027 2502 1340 2588 μελιηδέα
1383 2505 1611 2588 θυμὸν
1658 2502 1970 2588 ἀπηύραὲ

312 2602 402 2685 ὦς
446 2602 663 2693 ἔφατ’,
710 2607 918 2693 αὐτὰρ
965 2607 1093 2690 ἐγώ
1137 2603 1204 2691 γ’
1253 2611 1494 2675 ἔθελον
1538 2606 1739 2695 φρεσὶ
1783 2605 2183 2694 μερμηρίξας

221 2716 466 2801 μητρὸς
511 2713 669 2798 ἐμῆς
711 2714 935 2797 ψυχὴν
981 2711 1190 2779 ἑλέειν
1232 2717 1816 2799 κατατεθνηκυίης.
2138 2729 2243 2779 205

219 2817 362 2905 τρὶς
408 2817 530 2904 μὲν
575 2818 1020 2905 ἐφωρμήθην,
1067 2817 1275 2885 ἑλέειν
1317 2819 1395 2886 τέ
1434 2844 1512 2906 με
1556 2822 1777 2905 θυμὸς
1824 2818 2139 2903 ἀνώγειν,

220 2922 363 3010 τρὶς
407 2923 486 2991 δέ
525 2948 638 3009 μοι
684 2923 757 2990 ἐκ
800 2935 1043 3010 χειρῶν
1086 2933 1239 3011 σκιῇ
1285 2931 1543 2992 εῖκελον
1586 2923 1627 3008 ἢ
1672 2923 1784 2990 καὶ
1829 2924 2064 3013 ὀνείρῳ

221 3023 460 3095 ἔπτατ’.
533 3028 681 3114 ἐμοὶ
726 3024 791 3095 δ’
843 3032 1000 3115 ἄχος
1044 3031 1164 3113 ὀξὺ
1208 3029 1554 3115 γενέσκετο
1598 3033 1846 3118 κηρόθι
1888 3035 2171 3117 μᾶλλον,

220 3136 334 3201 καί
375 3159 491 3220 μιν
535 3138 851 3222 φωνήσας
896 3139 1054 3203 ἔπεα
1097 3139 1456 3223 πτερόεντα
1498 3138 1929 3224 προσηύδων·

221 3249 454 3328 ,μῆτερ
484 3241 653 3326 ἐμή,
697 3244 769 3307 τί
805 3242 892 3307 νύ
936 3237 1005 3326 μ’
1055 3242 1138 3308 οὐ
1183 3245 1447 3327 μίμνεις
1492 3241 1701 3309 ἑλέειν
1745 3254 2082 3327 μεμαῶτα,
2138 3259 2243 3308 210

220 3349 400 3434 ὄφρα
441 3345 554 3412 καὶ
599 3348 701 3413 εἰν
739 3341 961 3413 Ἀίδαο
1007 3351 1206 3431 φίλας
1250 3346 1403 3434 περὶ
1447 3358 1624 3434 χεῖρε
1670 3349 1952 3430 βαλόντε

219 3451 573 3540 ἀμφοτέρω
615 3464 928 3539 κρυεροῖο
972 3454 1488 3540 τεταρπώμεσθα
1534 3455 1738 3537 γόοιο.
