2646 3932
1015 181 1431 232 οΔΤΣΣΕιΑΣ
1469 184 1533 234 x,
2162 181 2286 244 155

268 318 379 385 καὶ
422 319 554 386 τότ’
591 321 779 403 νἐγὼν
825 321 984 406 ἐμὸν
1029 324 1218 406 ἔγχος
1263 321 1433 388 ἑλὼν
1476 322 1587 388 καὶ
1632 325 1983 408 φάσγανον
2020 323 2137 403 ὀξὺ
2188 341 2285 388 145

269 430 692 513 καρπαλίμως
736 429 913 515 παρὰ
956 430 1118 512 νηὸς
1162 426 1400 512 ἀνήιον
1445 428 1511 505 ἐς
1555 427 1924 515 περιωπήν,

270 539 338 598 εἴ
372 554 510 611 πως
554 536 714 618 ἔργα
761 536 971 618 ἴδοιμι
1014 537 1274 619 βροτῶν
1319 532 1567 618 ἐνοπήν
1611 557 1679 600 τε
1725 538 2087 620 πυθοίμην.

270 641 466 722 ἔστην
512 635 584 704 δὲ
631 640 911 723 σκοπιὴν
957 639 1023 717 ἐς
1067 642 1561 706 παιπαλόεσσαν
1606 640 1943 725 ἀνελθών,

268 747 386 809 καί
423 769 535 829 μοι
582 744 833 811 ἐείσατο
880 747 1127 823 καπνὸς
1173 746 1301 811 ἀπὸ
1347 748 1596 830 χθονὸς
1640 747 2056 834 εὐρυοδείης,

271 854 521 935 Κίρκης
565 850 639 917 ἐν
685 853 1061 937 μεγάροισι,
1108 854 1220 917 διὰ
1266 854 1485 939 δρυμὰ
1529 854 1746 918 πυκνὰ
1790 851 1901 918 καὶ
1946 852 2134 936 ὕλην.
2187 870 2288 918 150

269 957 631 1044 μερμήριξα
678 955 738 1023 δ’
792 960 1011 1023 ἔπειτα
1054 960 1218 1024 κατὰ
1263 958 1477 1044 φρένα
1520 957 1632 1023 καὶ
1676 960 1840 1023 κατὰ
1885 960 2111 1043 θυμὸν

270 1063 496 1130 ἐλθεῖν
540 1060 659 1147 ἠδὲ
703 1062 1076 1147 πυθέσθαι,
1123 1063 1263 1130 ἐπεὶ
1311 1066 1461 1129 ἴδον
1506 1070 1758 1129 αἴθοπα
1803 1067 2074 1130 καπνόν.

271 1165 400 1235 ὧδε
448 1169 528 1237 δέ
568 1194 680 1255 μοι
727 1170 1082 1256 φρονέοντι
1129 1172 1458 1235 δοάσσατο
1504 1169 1772 1254 κέρδιον
1818 1165 2020 1253 εἶναι,

268 1274 472 1360 πρῶτ’
527 1275 790 1341 ἐλθόντ’
845 1275 951 1343 ἐπὶ
996 1285 1125 1359 νῆα
1168 1277 1347 1360 θοὴν
1391 1275 1502 1342 καὶ
1547 1282 1712 1341 θῖνα
1756 1277 2102 1359 θαλάσσης

272 1383 544 1447 δεῖπνον
589 1381 948 1469 ἑταίροισιν
994 1384 1267 1467 δόμεναι
1312 1381 1598 1467 προέμεν
1642 1405 1712 1447 τε
1757 1380 2116 1448 πυθέσθαι.
2188 1398 2287 1447 155

271 1486 413 1552 ἀλλ’
466 1488 572 1554 ὅτε
620 1489 703 1572 δὴ
751 1489 989 1577 σχεδὸν
1032 1484 1120 1572 ἦα
1163 1490 1328 1554 κιὼν
1372 1490 1522 1566 νεὸς
1567 1489 2032 1573 ἀμφιελίσσης,

269 1593 379 1659 καὶ
422 1597 568 1660 τότε
611 1598 710 1672 τίς
753 1619 832 1680 με
876 1601 1058 1660 θεῶν
1104 1594 1481 1679 ὀλοφύρατο
1528 1603 1783 1679 μοῦνον
1830 1593 2050 1677 ἐόντα,

271 1700 343 1778 ὅς
388 1700 472 1785 ῥά
517 1724 630 1785 μοι
674 1701 1008 1786 ὑψίκερων
1054 1703 1304 1786 ἔλαφον
1350 1701 1558 1784 μέγαν
1603 1701 1698 1777 εἰς
1743 1700 1905 1765 ὁδὸν
1950 1701 2158 1784 αὐτὴν

268 1801 442 1890 ἧκεν.
535 1807 572 1874 ὁ
617 1805 739 1892 μὲν
784 1809 1155 1892 ποταμόνδε
1201 1805 1469 1890 κατήιεν
1514 1805 1586 1871 ἐκ
1630 1815 1843 1890 νομοῦ
1888 1806 2052 1887 ὕλης

269 1916 605 2000 πιόμενος·
653 1915 736 1998 δὴ
783 1915 910 2002 γάρ
956 1937 1072 1999 μιν
1117 1916 1264 1998 ἔχεν
1308 1911 1507 1997 μένος
1551 1912 1829 1995 ἠελίοιο·
2189 1930 2290 1980 160

270 2022 387 2086 τὸν
434 2020 495 2086 δ’
548 2019 677 2104 ἐγὼ
724 2020 1114 2105 ἐκβαίνοντα
1159 2017 1300 2085 κατ’
1355 2021 1670 2102 ἄκνηστιν
1715 2017 1882 2103 μέσα
1926 2031 2103 2084 νῶτα

270 2128 506 2210 πλῆξα·
551 2129 625 2193 τὸ
673 2125 734 2191 δ’
788 2127 1063 2212 ἀντικρὺ
1111 2128 1279 2211 δόρυ
1321 2127 1601 2211 χάλκεον
1648 2124 2067 2209 ἐξεπέρησεν,

272 2234 398 2297 κὰδ
444 2228 504 2297 δ’
555 2228 735 2298 ἔπεσ’
786 2233 858 2298 ἐν
902 2236 1164 2317 κονίῃσι
1200 2232 1458 2316 μακών,
1506 2232 1633 2296 ἀπὸ
1676 2226 1738 2296 δ’
1782 2234 2017 2297 ἔπτατο
2053 2234 2289 2315 θυμός.

271 2348 361 2427 τῷ
410 2334 471 2403 δ’
522 2339 650 2423 ἐγὼ
695 2338 1023 2424 ἐμβαίνων
1071 2341 1236 2425 δόρυ
1281 2340 1562 2422 χάλκεον
1608 2339 1675 2418 ἐξ
1722 2339 1991 2421 ὠτειλῆς

272 2445 663 2531 εἰρυσάμην·
707 2445 782 2509 τὸ
828 2441 950 2528 μὲν
997 2439 1161 2510 αὖθι
1206 2448 1600 2521 κατακλίνας
1646 2444 1751 2510 ἐπὶ
1796 2448 1950 2529 γαίῃ
2189 2462 2289 2510 165

272 2549 437 2616 εἰάσ’
455 2570 471 2586 ·
519 2550 726 2634 αὐτὰρ
772 2551 899 2633 ἐγὼ
947 2551 1296 2634 σπασάμην
1342 2550 1565 2637 ῥῶπάς
1609 2574 1678 2615 τε
1725 2550 1970 2633 λύγους
2014 2575 2113 2632 τε,

270 2668 512 2742 πεῖσμα
561 2654 651 2739 δ’,
698 2656 859 2721 ὅσον
903 2653 961 2720 τ’
1015 2657 1322 2741 ὄργυιαν,
1342 2740 1346 2743 y
1370 2653 1725 2743 ἐυστρεφὲς
1770 2655 2247 2741 ἀμφοτέρωθεν

271 2763 670 2848 πλεξάμενος
716 2759 1047 2844 συνέδησα
1090 2763 1300 2839 πόδας
1348 2764 1595 2828 δεινοῖο
1640 2763 1973 2848 πελώρου,

272 2871 400 2952 βῆν
447 2864 519 2933 δὲ
563 2867 1052 2951 καταλοφάδεια
1097 2866 1321 2952 φέρων
1368 2866 1473 2933 ἐπὶ
1517 2876 1645 2950 νῆα
1690 2868 2008 2952 μέλαιναν

273 2977 445 3058 ἔγχει
491 2973 935 3058 ἐρειδόμενος,
983 2971 1122 3038 ἐπεὶ
1167 2973 1250 3038 οὔ
1295 2994 1432 3050 πως
1477 2969 1595 3057 ἦεν
1642 2972 1741 3039 ἐπ’
1796 2976 1982 3058 ὤμου
2192 2992 2291 3039 170

272 3080 442 3165 χειρὶ
487 3079 716 3165 φέρειν
762 3077 976 3164 ἑτέρῃ·
1022 3080 1196 3162 μάλα
1240 3080 1367 3163 γὰρ
1413 3078 1577 3163 μέγα
1620 3083 1869 3167 θηρίον
1913 3075 2049 3163 ἦεν.

273 3187 401 3251 κὰδ
446 3180 507 3250 δ’
558 3188 798 3268 ἔβαλον
842 3186 1257 3270 προπάροιθε
1301 3188 1481 3268 νεός,
1527 3184 1832 3273 ἀνέγειρα
1878 3181 1940 3251 δ’
1993 3184 2293 3272 ἑταίρους

275 3294 617 3377 μειλιχίοις
661 3290 918 3357 ἐπέεσσι
964 3293 1388 3378 παρασταδὸν
1434 3293 1647 3379 ἄνδρα
1692 3291 1998 3357 ἕκαστον·

276 3393 351 3482 ,ὦ
399 3401 615 3483 φίλοι,
662 3399 744 3464 οὐ
790 3399 916 3483 γάρ
963 3420 1064 3463 πω
1109 3393 1598 3484 καταδυσόμεθ’
1650 3397 2014 3483 ἀχνύμενοί
2053 3421 2174 3481 περ

275 3508 370 3582 εἰς
409 3503 630 3570 Ἀίδαο
678 3505 952 3588 δόμους,
998 3501 1157 3588 πρὶν
1202 3507 1529 3589 μόρσιμον
1572 3499 1747 3589 ἦμαρ
1796 3504 2070 3591 ἐπέλθῃ·
2191 3523 2291 3571 175
