2646 3932
365 199 452 263 62
1105 202 1522 253 ΟΔΤΣΣΕΙΑΣ
1558 204 1616 253 Δ.

363 343 606 409 οὕνεκά
650 341 716 427 μ’
770 339 955 420 αὖτις
1000 345 1256 426 ἄνωγεν
1302 341 1401 411 ἐπ’
1455 340 1793 428 ἠεροειδέα
1837 345 2085 408 πόντον

365 447 772 532 Αίγυπτόνδ’
827 448 996 515 ἰέναι
1043 450 1315 533 δολιχὴν
1364 450 1525 515 ὁδὸν
1575 448 1903 533 ἀργαλέην
1946 472 2033 514 τε.

368 555 532 620 ἀλλὰ
575 553 686 620 καὶ
731 551 820 632 ὧς
865 557 1186 640 μύθοισιν
1230 556 1661 639 ἀμειβόμενος
1707 552 2131 638 προσέειπον·

367 664 592 726 ιταῦτα
628 658 750 746 μὲν
787 662 960 727 οὕτω
999 663 1081 745 δὴ
1124 661 1352 744 τελέω,
1398 660 1627 747 γέρον,
1676 660 1764 737 ὡς
1800 662 1886 725 σὺ
1923 662 2238 739 κελεύεις·
2286 677 2391 728 485

368 765 509 832 ἀλλ’
563 769 681 851 ἄγε
727 792 838 852 μοι
883 769 1036 834 τόδε
1082 764 1221 833 εἰπὲ
1267 767 1379 833 καὶ
1424 766 1743 853 ἀτρεκέως
1787 768 2173 850 κατάλεξον,

368 872 407 956 ἢ
454 874 693 951 πάντες
737 878 864 939 σὺν
908 873 1150 959 νηυσὶν
1196 874 1528 958 ἀπήμονες
1572 869 1791 956 ἦλθον
1830 870 2113 957 Ἀχαιοί,

369 979 487 1057 οὓς
534 980 810 1067 Νέστωρ
855 979 966 1047 καὶ
1011 981 1138 1064 ἐγὼ
1187 985 1464 1065 λίπομεν
1518 982 1852 1065 Τροίηθεν
1898 982 2138 1063 ἰόντες,

368 1081 448 1170 ἧέ
486 1110 587 1164 τις
633 1086 820 1152 ὤλετ’
876 1086 1134 1176 ὀλέθρῳ
1182 1084 1446 1151 ἀδευκέι
1493 1081 1571 1169 ἧς
1616 1083 1723 1151 ἐπὶ
1766 1087 1928 1169 νηὸς

368 1188 443 1275 ἠὲ
487 1196 706 1277 φίλων
752 1192 826 1258 έν
868 1196 1127 1278 χερσίν,
1174 1190 1312 1258 ἐπεὶ
1359 1195 1647 1276 πόλεμον
1692 1192 2139 1257 τολύπευσενὲ
2287 1208 2392 1257 490

458 1293 547 1376 ὥς
592 1297 884 1384 ἐφάμην,
931 1299 967 1366 ὁ
1016 1297 1096 1364 δέ
1136 1297 1202 1383 μ’
1251 1296 1462 1363 αὐτίκ’
1509 1298 1942 1383 ἀμειβόμενος
1974 1296 2392 1384 προσέειπεν·

370 1402 730 1490 (Ἀτρεΐδη,
775 1408 846 1468 τί
883 1428 964 1490 με
1007 1414 1212 1470 ταῦτα
1258 1406 1560 1490 διείρεαι;
1612 1403 1776 1470 οὐδέ
1815 1407 1887 1470 τί
1924 1421 1998 1470 σε
2042 1406 2166 1490 χρὴ

371 1511 662 1593 ἴδμεναι,
709 1507 868 1575 οὐδὲ
916 1512 1154 1593 δαῆναι
1201 1510 1362 1595 ἐμὸν
1406 1513 1596 1576 νόον·
1642 1509 1806 1576 οὐδέ
1846 1508 1926 1575 σέ
1965 1535 2135 1595 φημι

371 1617 498 1699 δὴν
543 1617 872 1682 ἄκλαυτον
917 1618 1220 1698 ἔσεσθαι,
1268 1615 1432 1700 ἐπὴν
1479 1616 1554 1681 ἐὺ
1599 1617 1812 1681 πάντα
1857 1618 2131 1700 πύθηαι.

370 1721 606 1788 πολλοὶ
651 1719 773 1805 μὲν
818 1724 943 1805 γὰρ
989 1735 1123 1788 τῶν
1159 1746 1234 1806 γε
1272 1723 1509 1807 δάμεν,
1555 1720 1791 1788 πολλοὶ
1831 1719 1905 1788 δὲ
1941 1726 2241 1789 λίποντο·
2286 1740 2391 1788 495

372 1827 564 1913 ἀρχοὶ
610 1826 673 1892 δ’
726 1824 811 1895 αὖ
860 1831 983 1895 δύο
1030 1838 1269 1914 μοῦνοι
1309 1826 1588 1913 Ἀχαιῶν
1632 1830 2136 1914 χαλκοχιτώνων

373 1934 446 2001 ἐν
490 1938 704 2024 νόστῳ
753 1935 1108 2002 ἀπόλοντο·
1153 1936 1326 2022 μάχῃ
1375 1934 1454 2002 δέ
1493 1958 1562 2001 τε
1607 1933 1718 2001 καὶ
1765 1938 1850 2002 σὺ
1896 1942 2227 2020 παρῆσθα.

372 2033 467 2119 εἷς
513 2040 574 2107 δ’
627 2045 720 2108 ἔτι
766 2066 898 2108 που
947 2043 1105 2122 ζωὸς
1148 2042 1569 2127 κατερύκεται
1617 2040 1796 2128 εὐρέι
1841 2045 2078 2130 πόντῳ.

374 2153 543 2224 Αἴας
587 2144 708 2232 μὲν
752 2149 912 2232 μετά
955 2146 1156 2232 νηυσὶ
1202 2149 1375 2233 δάμη
1425 2147 2010 2233 δολιχηρέτμοισιν.

376 2256 671 2339 Γυρῇσίν
717 2279 832 2339 μιν
876 2265 1101 2339 πρῶτα
1151 2254 1544 2319 Ποσειδάων
1590 2253 1948 2319 ἐπέλασσεν
2288 2273 2392 2321 500

374 2359 689 2444 πέτρῃσιν
733 2361 1054 2444 μεγάλῃσι
1119 2359 1230 2425 καὶ
1286 2358 1601 2437 ἐξεσάωσε
1646 2361 2015 2444 θαλάσσης·

376 2468 491 2531 καί
526 2467 614 2531 νύ
658 2489 773 2531 κεν
819 2468 1065 2550 ἔκφυγε
1109 2474 1279 2550 κῆρα
1323 2463 1434 2530 καὶ
1481 2464 1840 2551 ἐχθόμενός
1885 2488 2007 2551 περ
2049 2466 2328 2553 Ἀθήνῃ,

376 2573 438 2637 εἰ
478 2572 567 2657 μὴ
615 2572 1029 2657 ὑπερφίαλον
1074 2574 1228 2648 ἔπος
1274 2574 1507 2655 ἔκβαλε
1553 2569 1664 2638 καὶ
1710 2570 1851 2655 μέγ’
1906 2571 2154 2657 ἀάσθη·

377 2687 471 2763 φῆ
520 2676 580 2764 ῤ’
635 2676 856 2761 ἀέκητι
898 2682 1083 2741 θεῶν
1129 2675 1404 2760 φυγέειν
1448 2676 1616 2761 μέγα
1661 2682 1899 2762 λαῖτμα
1942 2682 2303 2764 θαλάσσης.

375 2793 496 2849 τοῦ
544 2780 617 2849 δὲ
666 2782 1059 2848 Ποσειδάων
1104 2780 1332 2866 μεγάλ’
1385 2785 1618 2848 ἔκλυεν
1664 2783 2103 2867 αὐδήσαντος·
2292 2803 2392 2851 505

378 2888 589 2956 αὐτίκ’
642 2892 860 2954 ἔπειτα
905 2892 1209 2973 τρίαιναν
1256 2888 1425 2953 ἑλὼν
1469 2887 1657 2973 χερσὶ
1704 2893 2095 2975 στιβαρῇσιν

375 2999 577 3080 ἤλασε
627 2997 921 3081 Γυραίην
965 2994 1240 3080 πέτρην,
1288 2994 1416 3059 ἀπὸ
1463 2992 1525 3060 δ’
1578 2998 1837 3079 ἔσχισεν
1883 2997 2118 3079 αὐτήν·

376 3102 486 3168 καὶ
530 3104 604 3167 τὸ
652 3098 773 3186 μὲν
819 3101 1059 3166 αὐτόθι
1104 3112 1315 3184 μεῖνε,
1363 3102 1437 3166 τὸ
1484 3096 1558 3166 δὲ
1592 3102 1846 3186 τρύφος
1883 3105 2117 3186 ἔμπεσε
2154 3107 2394 3192 πόντῳ,

378 3218 467 3297 τῷ
514 3207 576 3295 ῤ’
630 3214 799 3284 Αἴας
844 3209 917 3273 τὸ
963 3218 1228 3291 πρῶτον
1274 3206 1663 3291 ἐφεζόμενος
1709 3206 1849 3290 μέγ’
1904 3207 2153 3293 ἀάσθη·

377 3317 496 3382 τὸν
543 3313 603 3380 δ’
659 3315 885 3400 ἐφόρει
931 3315 1092 3379 κατὰ
1137 3316 1387 3378 πόντον
1433 3313 1750 3398 ἀπείρονα
1795 3318 2217 3398 κυμαίνοντα.
2294 3318 2419 3381 510’

382 3417 497 3503 [ὥς
543 3421 579 3487 ὁ
626 3418 747 3506 μὲν
793 3418 939 3485 ἔνθ’
994 3421 1365 3501 ἀπόλωλεν,
1411 3417 1553 3484 ἐπεὶ
1595 3423 1747 3484 πίεν
1791 3419 2089 3505 ἁλμυρὸν
2133 3421 2362 3506 ὕδωρ]

379 3529 496 3605 σὸς
542 3527 619 3594 δέ
661 3549 792 3592 που
838 3529 1082 3610 ἔκφυγε
1127 3534 1334 3609 κῆρας
1379 3525 1698 3609 ἀδελφεὸς
1741 3523 1849 3609 ἠδ’
1900 3526 2232 3605 ὑπάλυξεν
