2646 3932
417 179 541 233 XIV
1218 179 1619 235 SUMMARIA.

416 347 637 406 LXXII
685 347 860 407 sociis
899 347 1133 406 amissis
1170 348 1423 426 fugatus
1461 347 1811 407 abscesserit
1848 338 2197 428 (tw—61),
2240 350 2439 423 utque

419 435 555 495 inde
601 436 758 495 circa
802 436 1063 495 Maleam
1107 437 1594 512 promunturium
1638 436 1833 496 Borea
1878 455 1915 494 a
1960 454 2139 496 cursu
2194 453 2302 494 suo
2360 435 2442 493 ad

417 523 803 603 Lotophagos
851 525 932 582 sit
975 524 1240 583 deiectus
1280 515 1666 605 (62—104),
1705 526 1836 584 tum
1870 524 1934 583 in
1967 527 2192 584 terram
2225 523 2440 582 imma-

417 612 586 671 nium
624 610 955 689 Cyclopum
982 602 1440 694 ,(105-192);
1486 613 1592 672 ubi
1636 632 1774 672 cum
1818 612 2130 673 duodecim
2172 611 2319 672 viris
2361 612 2444 670 ad

418 701 881 778 Polyphemum,
934 701 1207 777 Neptuni
1264 700 1484 778 filium,
1538 701 1944 778 penetraverit
1996 692 2442 782 (193—286):

420 789 526 866 qui
581 789 844 849 cruentis
898 789 1154 865 dapibus
1208 790 1480 865 expletus
1496 837 1510 866 ,
1557 808 1709 867 quas
1763 791 1940 850 caede
1986 808 2088 848 sex
2141 789 2445 849 sociorum

419 877 548 936 eius
606 877 975 937 instruxerat
1039 869 1477 960 (287—344),
1541 878 1681 938 vino
1745 879 1954 956 etiam,
2020 878 2181 954 quod
2232 877 2443 936 Ulixes

418 966 774 1044 ingesserat,
811 966 1207 1044 temulentus,
1255 985 1392 1025 cum
1438 966 1502 1024 in
1539 985 1812 1027 somnum
1848 966 2294 1044 procubuisset,
2342 985 2441 1025 ex·

419 1057 696 1114 caecatus
743 1046 1121 1135 (345-412
1121 1054 1154 1127 )
1201 1056 1263 1113 et
1306 1058 1479 1130 parte
1526 1055 1725 1133 gregis
1772 1056 2067 1131 spoliatus
2104 1055 2443 1133 fugientem

420 1143 578 1201 saxis
623 1143 866 1202 incessit
912 1136 1339 1223 (413—566).

1388 1297 1464 1361 X.

553 1409 758 1468 Refert
811 1408 1114 1486 deincepS,
1171 1409 1248 1467 ad
1300 1409 1563 1467 insulam
1606 1407 1806 1485 Aeoli,
1860 1411 2290 1484 tempestatum
2348 1427 2441 1466 ar-

421 1497 590 1574 bitri,
644 1499 990 1573 pervectum
1053 1515 1114 1557 se
1179 1497 1474 1573 accepisse
1529 1496 1604 1555 ab
1659 1516 1728 1556 eo
1781 1498 1991 1556 ventos
2044 1499 2285 1573 praeter
2335 1497 2440 1556 Ze-

421 1586 706 1664 phyrum,
743 1585 1015 1644 Ithacam
1051 1585 1283 1661 petenti
1337 1585 1689 1663 secundum,
1734 1586 1870 1643 utre
1925 1585 2235 1645 conclusos
2279 1577 2439 1665 (1—

427 1678 506 1734 27
512 1667 568 1757 );
628 1673 817 1734 socios
873 1676 1104 1751 autem,
1161 1693 1299 1733 cum
1353 1673 1553 1749 patri-a
1606 1674 1730 1732 iam
1782 1673 1846 1731 in
1900 1678 2223 1749 conspectu
2268 1676 2440 1752 esset,

424 1764 581 1821 male
617 1761 864 1838 cupidos
912 1761 1157 1821 solvisse
1202 1764 1427 1839 utrem,
1463 1762 1622 1820 unde
1659 1761 1937 1821 emissam
1971 1764 2295 1838 procellam
2339 1780 2439 1822 eos

427 1852 503 1911 ad
529 1850 805 1910 Aeoliam
830 1850 1119 1929 reiecisse,
1156 1869 1366 1909 verum
1402 1850 1680 1925 expulsos
1717 1850 1792 1909 ab
1828 1869 1967 1929 rege
2005 1852 2069 1909 et
2102 1850 2166 1910 in
2200 1854 2441 1911 vastum

426 1959 588 2000 mare
663 1938 1047 2000 occidentalis
1118 1939 1335 2018 plagae
1410 1937 1687 2015 abreptos
1762 1929 2101 2020 (28—79).
2205 1939 2302 1998 Ita
2365 1939 2441 1998 ad

426 2029 870 2106 Laestrygonas
907 2028 1430 2107 anthropophagos
1477 2028 1844 2105 deferuntur,
1890 2027 1998 2086 ubi
2041 2047 2223 2087 naves
2258 2028 2344 2087 XI
2379 2032 2440 2087 et

427 2116 609 2176 multi
644 2116 940 2176 sociorum
983 2116 1350 2176 intercidunt
1396 2107 1794 2197 (so—132);
1839 2136 1977 2176 mox
2020 2136 2145 2175 una
2187 2116 2329 2176 navi
2365 2116 2441 2175 ad

427 2206 688 2265 Aeaeam
733 2204 1063 2282 appellunt,
1109 2204 1370 2263 insulam
1418 2204 1632 2282 CirceS,
1684 2224 1721 2263 a
1766 2223 1888 2281 qua
1930 2204 2103 2264 XXII
2145 2204 2261 2264 viri
2306 2224 2441 2265 cum

428 2293 768 2370 Eurylocho
831 2293 1142 2368 praemissi
1194 2294 1258 2351 in
1322 2311 1499 2350 suum
1554 2312 1659 2351 ora
1717 2295 2150 2352 convertuntur
2194 2286 2432 2374 (133—

433 2374 609 2464 260).
679 2380 883 2440 Ulixes
919 2384 1051 2439 tum
1088 2382 1232 2459 ipse,
1277 2380 1462 2440 herba
1497 2381 1733 2459 magica
1770 2400 1807 2439 a
1839 2381 2134 2441 Mercurio
2180 2385 2438 2460 accepta,

431 2473 507 2530 ad
552 2471 725 2529 deam
769 2469 1072 2547 ingressus
1116 2470 1452 2545 potentiam
1497 2469 1627 2527 eius
1672 2469 1885 2547 effugit
1921 2472 2104 2546 atque
2142 2469 2288 2530 adeo
2323 2470 2438 2529 vir-

429 2563 562 2619 tute
609 2558 817 2641 efficit,
869 2561 940 2616 ut
995 2557 1140 2617 socii
1194 2558 1512 2634 pristinam
1558 2557 1814 2633 speciem
1857 2557 2151 2650 recipiant
2195 2551 2433 2638 (261—

433 2640 608 2728 399).
682 2646 954 2721 Denique
993 2666 1148 2706 anno
1187 2649 1393 2706 exacto
1432 2646 1594 2721 apud
1632 2644 1840 2705 Circen
1877 2665 2013 2705 cum
2062 2645 2236 2706 sociis
2279 2646 2438 2705 Itha-

431 2755 534 2796 cae
580 2755 808 2796 memor
852 2735 1097 2794 iubetur
1140 2733 1214 2793 ab
1260 2734 1371 2792 illa
1407 2733 1755 2794 consulendi
1794 2734 2054 2793 Tiresiae
2092 2752 2275 2793 causa
2308 2754 2438 2811 pro-

430 2825 615 2885 ficisci
661 2825 737 2883 ad
781 2825 986 2882 fauces
1031 2823 1360 2882 inferorum
1404 2842 1587 2899 prope
1636 2820 1956 2900 Oceanum,
2004 2841 2123 2898 quo
2168 2824 2299 2883 loco
2347 2824 2437 2882 de-

430 2916 778 2974 functorum
796 2912 1030 2971 animae
1060 2911 1400 2971 excitantur
1428 2903 1854 2990 (400—549),
1902 2910 2057 2970 Illuc
2083 2911 2437 2989 navigaturo

430 3021 603 3062 casus
648 3021 840 3061 unum
885 3000 1069 3060 etiam
1115 3000 1344 3060 socium
1381 2999 1583 3076 eripit,
1620 2998 1978 3074 Elpenorem
2016 2991 2249 3077 (550-
2267 2992 2436 3080 574).

1382 3152 1489 3217 XI.

562 3269 619 3328 A
664 3267 828 3328 Circe
875 3267 1177 3345 digressus
1222 3265 1390 3324 venit
1440 3265 1503 3326 in
1559 3283 1726 3324 oram
1781 3262 2258 3342 Cimmeriorum,
2309 3284 2440 3323 eum

431 3360 507 3418 ad
562 3360 786 3435 locum,
835 3356 942 3433 qui
997 3356 1310 3414 descensus
1368 3354 1443 3411 ad
1497 3371 1724 3412 manes·
1755 3352 2102 3429 perhibetur
2148 3344 2435 3434 (1—22).

430 3449 523 3508 Ibi
577 3447 759 3507 sacris
804 3445 918 3504 rite
973 3443 1252 3520 perfectis
1307 3442 1573 3502 scrobem
1624 3442 1882 3518 complet
1942 3440 2232 3519 sanguine
2276 3442 2437 3502 victi-

429 3557 690 3614 marum3
738 3538 803 3595 at
847 3531 1418 3594 circumvolantibus
1456 3530 1768 3589 animabus
1814 3530 2047 3589 nullam
2084 3529 2229 3587 sinit
2264 3530 2437 3589 attin-
