2646 3932
319 209 404 271 22
1076 210 1501 263 οΔΤΣΣΕιΑΣ
1536 211 1600 263 Β.

322 353 753 437 παρφάμενος
799 351 1100 418 ἐπέεσσιν
1145 351 1511 438 ἐποτρύνῃς
1555 355 2005 437 χαλεπαίνειν,

327 458 505 546 αὐτῷ
554 455 677 542 μέν
723 458 795 522 οἰ
832 469 1098 542 πρῶτον
1143 457 1614 543 ἀνιηρέστερον
1660 462 1871 541 ἔσται,
2238 473 2339 522 100

323 564 589 649 [πρῆξαι
637 561 699 628 δ’
753 566 958 648 ἔμπης
1004 566 1086 631 οὔ
1129 588 1195 630 τι
1241 567 1597 648 δυνήσεται
1642 566 1860 631 εἵνεκα
1904 566 2115 630 τῶνδε
2127 565 2168 645 ·]

320 667 428 735 σοὶ
476 668 580 752 δέ,
625 668 858 754 γέρον,
903 672 1097 754 θωὴν
1144 669 1584 755 ἐπιθήσομεν,
1632 672 1716 754 ἥν
1759 669 1820 736 κ’
1874 669 1975 736 ένὶ
2018 677 2216 757 θυμῷ

317 779 523 841 τίνων
568 775 922 860 ἀσχάλλῃς·
968 777 1255 860 χαλεπὸν
1302 775 1382 841 δέ
1420 799 1525 841 τοι
1570 779 1827 841 ἔσσεται
1874 776 2090 858 ἄλγος.

327 881 682 970 Τηλεμάχῳ
731 879 792 946 δ’
845 880 919 946 ἐν
963 890 1168 947 πᾶσιν
1214 881 1386 965 ἐγὼν
1430 881 1858 966 ὑποθήσομαι
1904 881 2129 957 αὐτός·

319 984 567 1071 μητέρα
609 986 697 1070 ἣν
743 986 811 1064 ἐς
854 989 1102 1072 πατρὸς
1148 985 1454 1070 ἀνωγέτω
1502 984 1933 1053 ἀπονέεσθαι·
2240 1005 2341 1054 195

321 1092 392 1157 οἱ
432 1088 506 1158 δὲ
549 1093 767 1176 γάμον
809 1091 1117 1170 τεύξουσι
1161 1090 1272 1156 καὶ
1318 1090 1758 1176 ἀρτυνέουσιν
1803 1093 1998 1157 ἔεδνα

323 1200 560 1278 [πολλὰ
606 1196 787 1283 μάλ’,
833 1198 1000 1263 ὅσσα
1046 1201 1217 1263 ἔοικε
1264 1201 1464 1282 φίλης
1510 1197 1616 1264 ἐπὶ
1662 1199 1897 1275 παιδὸς
1944 1197 2268 1279 ἕπεσθαι.]

320 1304 402 1368 οὐ
448 1304 574 1389 γὰρ
620 1303 780 1389 πρὶν
823 1305 1202 1370 παύσεσθαι
1248 1305 1470 1389 ὀίομαι
1514 1297 1666 1381 υἷας
1704 1301 1981 1388 Ἀχαιῶν

320 1410 654 1493 μνηστύος
701 1408 1054 1494 ἀργαλέης,
1103 1408 1244 1475 ἐπεὶ
1290 1411 1373 1474 οὔ
1419 1434 1567 1475 τινα
1616 1411 1911 1493 δείδιμεν
1958 1412 2190 1494 ἔμπης,
2278 1404 2286 1413 ’

321 1512 460 1580 οὔτ’
514 1508 639 1580 οὖν
692 1513 1073 1599 Τηλέμαχον
1118 1516 1291 1599 μάλα
1337 1538 1461 1601 περ
1505 1516 1908 1600 πολύμυθον
1952 1514 2174 1597 ἐόντα,
2238 1531 2341 1580 200

321 1621 473 1686 οὔτε
518 1623 928 1705 θεοπροπίης
974 1618 1402 1705 ἐμπαζόμεθ’,
1449 1621 1536 1705 ἣν
1582 1623 1697 1705 σύ,
1744 1620 1997 1706 γεραιέ,

323 1724 572 1810 μυθέαι
617 1726 1020 1811 ἀκράαντον,
1068 1727 1474 1812 ἀπεχθάνεαι
1520 1725 1582 1793 δ’
1635 1730 1729 1793 ἔτι
1774 1731 2043 1811 μᾶλλον.

322 1835 623 1918 χρήματα
671 1830 733 1897 δ’
785 1828 941 1898 αὖτε
986 1846 1200 1911 κακῶς
1244 1835 1677 1918 βεβρώσεται,
1726 1832 1890 1898 οὐδέ
1929 1830 2073 1897 ποτ’
2128 1827 2238 1898 ἶσα

322 1940 611 2022 ἔσσεται,
657 1940 835 2025 ὄφρα
879 1962 994 2005 κεν
1037 1940 1080 2023 ἥ
1125 1962 1200 2024 γε
1248 1940 1665 2026 διατρίβῃσιν
1704 1937 2002 2025 Ἀχαιοὺς

323 2044 403 2110 ὃν
447 2046 689 2129 γάμον·
733 2044 919 2128 ἡμεῖς
967 2044 1028 2110 δ’
1083 2039 1168 2111 αὖ
1213 2044 1675 2130 ποτιδέγμενοι
1720 2047 1935 2130 ἤματα
1978 2047 2192 2110 πάντα
2238 2062 2343 2111 205

327 2152 545 2216 εἵνεκα
589 2158 705 2233 τῆς
751 2149 984 2235 ἀρετῆς
1030 2151 1481 2237 ἐριδαίνομεν,
1529 2147 1688 2217 οὐδὲ
1733 2149 1871 2236 μετ’
1924 2153 2124 2229 ἄλλας

325 2254 659 2342 ἐρχόμεθ’,
706 2256 783 2333 ἃς
828 2254 1103 2334 ἐπιεικὲς
1148 2255 1464 2341 ὀπυιέμεν
1510 2256 1691 2323 ἐστὶν
1737 2257 2049 2347 ἕκάστω.“

412 2363 531 2428 τὸν
576 2359 639 2427 δ’
691 2358 776 2429 αὗ
831 2361 1204 2448 Τηλέμαχος
1248 2361 1663 2447 πεπνυμένος
1710 2363 1940 2429 ἀντίον
1982 2364 2184 2448 ηὔδα·

335 2466 723 2553 ,,Εὐρύμαχ’
773 2463 893 2551 ἠδὲ
937 2465 1048 2532 καὶ
1093 2469 1312 2550 ἄλλοι,
1360 2468 1507 2534 ὅσοι
1552 2477 1918 2555 μνηστῆρες
1962 2469 2229 2553 ἀγαυοί,

324 2583 530 2639 ταῦτα
575 2569 697 2657 μὲν
742 2572 864 2657 οὐχ
911 2571 1113 2657 ὑμέας
1159 2575 1255 2637 ἔτι
1299 2576 1610 2658 λίσσομαι
1657 2571 1804 2639 οὐδ’
1856 2573 2182 2661 ἀγορεύω·
2243 2593 2346 2642 210

326 2680 454 2763 ἤδη
499 2680 627 2763 γὰρ
671 2680 753 2744 τά
799 2685 980 2744 ἴσασι
1023 2674 1176 2742 θεοὶ
1220 2676 1333 2743 καὶ
1377 2678 1617 2755 πάντες
1655 2676 1919 2763 Ἀχαιοί.

328 2783 470 2850 ἀλλ’
523 2787 640 2869 ἄγε
686 2808 798 2869 μοι
846 2785 996 2850 δότε
1041 2792 1172 2866 νῆα
1215 2785 1396 2867 θοὴν
1440 2782 1550 2850 καὶ
1596 2782 1799 2851 εἶκοσ’
1853 2784 2183 2870 ἑταίρους,

329 2892 401 2957 οἵ
439 2889 520 2958 κέ
560 2913 672 2975 μοι
720 2894 887 2956 ἔνθα
932 2887 1042 2955 καὶ
1088 2892 1257 2955 ἔνθα
1305 2890 1762 2976 διαπρήσσωσι
1808 2890 2149 2958 κέλευθον.

328 2992 461 3081 εἶμι
505 2997 633 3082 γὰρ
679 2995 747 3073 ἐς
790 2995 1110 3079 Σπάρτην
1152 3018 1223 3060 τε
1267 2994 1380 3060 καὶ
1425 2995 1492 3073 ές
1538 2998 1774 3062 Πύλον
1816 2996 2197 3080 ἠμαθόεντα

329 3105 572 3168 νόστον
614 3103 1018 3184 πευσόμενος
1062 3102 1308 3185 πατρὸς
1354 3101 1480 3184 δὴν
1527 3100 1932 3186 οἰχομένοιο,
2242 3121 2346 3168 215

328 3210 417 3292 ἥν
461 3209 561 3284 τίς
606 3231 718 3292 μοι
763 3212 983 3291 εἴπῃσι
1028 3207 1288 3290 βροτῶν
1335 3204 1377 3288 ἣ
1424 3207 1633 3270 ὄσσαν
1680 3205 1941 3272 ἀκούσω

332 3314 404 3380 ἐκ
447 3315 644 3395 Διός,
689 3312 732 3396 ἥ
776 3335 846 3378 τε
891 3312 1173 3395 μάλιστα
1217 3308 1408 3396 φέρει
1450 3310 1641 3389 κλέος
1683 3309 2161 3396 ἀνθρώποισιν.

334 3423 397 3488 εἰ
438 3419 559 3506 μέν
602 3442 719 3485 κεν
762 3417 1007 3503 πατρὸς
1051 3418 1282 3499 βίοτον
1326 3415 1436 3481 καὶ
1483 3420 1725 3486 νόστον
1771 3416 2062 3501 ἀκούσω,

332 3523 373 3611 ἦ
418 3523 477 3592 τ’
528 3523 614 3591 ἂν
656 3525 1056 3610 τρυχόμενός
1101 3544 1224 3609 περ
1270 3524 1368 3588 ἔτι
1409 3525 1644 3607 τλαίην
1689 3523 2023 3589 ἐνιαυτόν·
