2646 3932
1004 152 1419 205 οΔΤΣΣΕΙΑΣ
1453 155 1551 207 lx,
2160 152 2286 216 133

353 287 633 359 Ἰλιόθεν
677 318 756 379 με
803 292 1030 379 φέρων
1073 295 1315 379 ἄνεμος
1359 297 1717 362 Κικόνεσσι
1760 294 2116 379 πέλασσεν,

263 397 558 489 Ἰσμάρφ.
597 402 767 465 ἔνθα
796 396 859 465 δ’
895 398 1021 484 ἐγὼ
1049 402 1246 466 πόλιν
1265 403 1587 486 ἔπραθον,
1606 402 1821 467 ὤλεσα
1842 396 1905 467 δ’
1929 401 2198 479 αὐτούς·
2217 418 2286 468 40

269 503 342 570 έκ
384 508 615 583 πόλιος
660 500 724 570 δ’
777 505 1060 591 ἀλόχους
1102 503 1214 572 καὶ
1258 510 1552 592 κτήματα
1594 509 1806 573 πολλὰ
1851 509 2164 591 λαβόντες

269 609 666 697 δασσάμεθ’,
713 611 802 689 ὡς
847 614 936 696 μή
980 613 1080 688 τίς
1124 634 1238 695 μοι
1283 611 1724 698 ἀτεμβόμενος
1766 614 1901 679 κίοι
1947 619 2109 697 ἴσης.

268 714 415 782 ἔνθ’
467 711 509 801 ἦ
554 740 660 783 τοι
703 712 825 802 μὲν
869 716 998 801 ἐγὼ
1046 718 1244 805 διερῷ
1290 716 1449 784 ποδὶ
1495 717 1824 803 φευγέμεν
1865 716 2067 803 ἡμέας

267 821 556 906 ἠνώγεα,
602 820 709 888 τοὶ
754 818 828 889 δὲ
873 819 1041 907 μέγα
1081 826 1311 907 νήπιοι
1358 823 1483 890 οὐκ
1526 823 1860 890 ἐπίθοντο.

270 929 438 994 ἔνθα
482 925 556 995 δὲ
600 929 850 994 πολλὸν
893 924 1016 1013 μὲν
1060 926 1237 1013 μέθυ
1280 930 1540 1013 πίνετο,
1585 931 1799 995 πολλὰ
1843 926 1917 996 δὲ
1963 933 2138 1014 μῆλα
2218 945 2287 994 45

270 1036 556 1120 ἔσφαζον
601 1035 780 1119 παρὰ
821 1040 989 1100 θῖνα
1032 1032 1144 1100 καὶ
1190 1036 1528 1113 εἰλίποδας
1573 1034 1791 1113 ἕλικας
1834 1039 2023 1120 βοῦς·

268 1142 484 1226 τόφρα
530 1136 594 1206 δ’
646 1133 754 1225 ἄρ’
814 1141 1150 1225 οἰχόμενοι
1194 1143 1476 1218 Κίκονες
1521 1143 1878 1207 Κικόνεσσι
1930 1142 2287 1225 γεγώνευν,

270 1246 341 1311 οῗ
379 1261 544 1330 σφιν
589 1247 881 1327 γείτονες
924 1239 1127 1329 ἦσαν,
1173 1246 1306 1331 ἅμα
1350 1244 1626 1324 πλέονες
1668 1243 1783 1312 καὶ
1828 1245 2119 1332 ἀρείους,

267 1351 547 1436 ἤπειρον
591 1353 922 1435 ναίοντες,
969 1351 1391 1437 ἐπιστάμενοι
1435 1348 1557 1437 μὲν
1604 1350 1722 1439 ἀφ’
1774 1353 1993 1418 ἵππων

270 1455 555 1543 ἀνδράσι
598 1457 1010 1543 μάρνασθαι,
1055 1455 1169 1523 καὶ
1213 1458 1331 1523 ὅθι
1375 1459 1498 1543 χρὴ
1545 1460 1740 1538 πεζὸν
1785 1457 1995 1524 ἐόντα.
2213 1473 2285 1523 5ο

269 1557 487 1645 ἦλθον
531 1559 776 1647 ἔπειθ’,
821 1563 946 1629 ὅσα
990 1564 1213 1648 φύλλα
1257 1561 1370 1629 καὶ
1415 1565 1628 1630 ἄνθεα
1672 1566 1966 1649 γίγνεται
2011 1563 2180 1650 ὥρῃ,

269 1666 510 1753 ἠέριοι·
553 1671 701 1734 τότε
747 1669 831 1753 δή
878 1669 963 1755 ῥα
1006 1670 1174 1752 κακὴ
1220 1670 1390 1746 Διὸς
1435 1664 1592 1735 αἶσα
1634 1667 1924 1755 παρέστη

267 1772 429 1858 ἡμῖν
473 1775 965 1859 αἰνομόροισιν,
1012 1768 1103 1839 ’ἶν’
1155 1776 1358 1859 ἄλγεα
1401 1775 1614 1840 πολλὰ
1658 1776 2007 1859 πάθοιμεν.

271 1880 666 1965 στησάμενοι
712 1877 774 1945 δ’
826 1878 1146 1964 ἐμάχοντο
1194 1881 1411 1964 μάχην
1455 1881 1633 1965 παρὰ
1676 1877 1877 1964 νηυσὶ
1921 1885 2198 1966 θοῇσιν,

270 1987 518 2069 βάλλον
564 1979 626 2052 δ’
678 1984 1004 2070 ἀλλήλους
1049 1989 1447 2072 χαλκήρεσιν
1491 1986 1838 2072 ἐγχείῃσιν.
2219 2002 2286 2052 55

270 2092 448 2177 ὄφρα
492 2086 616 2175 μὲν
660 2091 794 2175 ἠὼς
837 2084 923 2174 ἦν
967 2089 1078 2156 καὶ
1124 2090 1345 2171 ἀέξετο
1393 2092 1575 2176 ἱερὸν
1618 2088 1825 2178 ἦμαρ,

271 2197 487 2282 τόφρα
534 2192 597 2262 δ’
651 2195 1032 2280 ἀλεξόμενοι
1079 2194 1365 2281 μένομεν
1408 2196 1691 2274 πλέονάς
1733 2217 1857 2283 περ
1903 2195 2145 2274 ἐόντας.

269 2296 435 2385 ἦμος
481 2298 545 2367 δ’
596 2300 817 2384 ἠέλιος
861 2304 1274 2387 μετενίσσετο
1319 2304 1758 2387 βουλυτόνδε,

270 2404 380 2471 καὶ
422 2409 570 2472 τότε
616 2407 700 2491 δὴ
747 2409 1030 2486 Κίκονες
1073 2412 1309 2474 κλῖναν
1356 2409 1766 2493 δαμάσαντες
1804 2406 2119 2494 Ἀχαιούς.

269 2509 336 2588 ἓξ
383 2507 445 2577 δ’
497 2508 616 2596 ἀφ’
667 2510 943 2596 ἑκάστης
984 2515 1145 2597 νηὸς
1189 2512 1579 2598 ἐυκνήμιδες
1624 2512 1871 2599 ἑταῖροι
2219 2532 2288 2581 60

271 2613 545 2682 ὤλονθ’·
591 2617 664 2682 οἰ
703 2614 765 2683 δ’
817 2618 1009 2683 ἄλλοι
1054 2619 1357 2704 φύγομεν
1399 2619 1700 2685 θάνατόν
1743 2642 1813 2685 τε
1858 2622 2069 2705 μόρον
2112 2644 2199 2687 τε.

357 2724 559 2788 ἔνθεν
605 2719 681 2789 δὲ
724 2721 1022 2809 προτέρω
1067 2723 1352 2809 πλέομεν
1397 2724 1797 2809 ἀκαχήμενοι
1840 2720 2031 2811 ἦτορ,

270 2828 543 2912 ἄσμενοι
588 2826 662 2893 ἐκ
707 2829 1065 2912 θανάτοιο,
1111 2831 1352 2914 φίλους
1398 2829 1742 2907 ὀλέσαντες
1786 2828 2102 2915 ἑταίρους.

271 2927 419 2998 οὐδ’
473 2934 600 3018 ἄρα
644 2957 759 3019 μοι
803 2932 1101 3020 προτέρω
1146 2943 1302 3018 νῆες
1345 2936 1495 3001 κίον
1540 2933 1994 3020 ἀμφιέλισσαι,
2167 3015 2168 3018 ¹

270 3039 428 3121 πρίν
472 3061 621 3103 τινα
663 3049 798 3104 τῶν
844 3039 1085 3105 δειλῶν
1130 3038 1384 3125 ἑτάρων
1425 3038 1569 3126 τρὶς
1613 3039 1890 3106 ἕκαστον
1925 3040 2146 3125 ἀῦσαι,
2220 3060 2287 3109 65

275 3143 348 3206 οἳ
383 3142 604 3208 θάνον
651 3142 725 3208 έν
769 3145 975 3232 πεδίῳ
1022 3146 1333 3210 Κικόνων
1376 3144 1507 3210 ὕπο
1554 3144 1943 3231 δῃωθέντες.

269 3245 469 3331 νηυσὶ
514 3244 576 3313 δ’
628 3246 872 3335 έπῶρσ’
926 3251 1176 3335 ἄνεμον
1220 3249 1481 3336 Βορέην
1524 3249 2004 3337 νεφεληγερέτα
2049 3256 2218 3331 Ζεὺς

271 3354 539 3418 λαίλαπι
581 3357 935 3439 θεσπεσίῃ,
983 3357 1112 3421 σὺν
1157 3351 1232 3421 δὲ
1277 3353 1588 3441 νεφέεσσι
1630 3357 1926 3435 κάλυψεν

267 3467 467 3540 γαῖαν
511 3456 681 3542 ὁμοῦ
723 3456 836 3524 καὶ
877 3462 1154 3526 πόντον·
1200 3460 1440 3548 ὀρώρει
1485 3457 1548 3527 δ’
1601 3460 1980 3548 οὐρανόθεν
2022 3461 2162 3541 νύξ.
