<?xml version="1.0" encoding="UTF-8"?>
<!DOCTYPE html PUBLIC "-//W3C//DTD XHTML 1.0 Transitional//EN"
    "http://www.w3.org/TR/xhtml1/DTD/xhtml1-transitional.dtd">
<html xmlns="http://www.w3.org/1999/xhtml" xml:lang="en" lang="en">
 <head>
  <title>
</title>
<meta http-equiv="Content-Type" content="text/html;charset=utf-8" />
  <meta name='ocr-system' content='tesseract 3.04.00' />
  <meta name='ocr-capabilities' content='ocr_page ocr_carea ocr_par ocr_line ocrx_word'/>
</head>
<body>
  <div class='ocr_page' id='page_1' title='image "./homeriodyssea00wolfgoog_0202.png"; bbox 0 0 2646 3932; ppageno 0'>
   <div class='ocr_carea' id='block_1_1' title="bbox 365 179 1622 244">
    <p class='ocr_par' dir='ltr' id='par_1_1' title="bbox 365 179 1622 244">
     <span class='ocr_line' id='line_1_1' title="bbox 365 179 1622 244; baseline -0.008 0"><span class='ocrx_word' id='word_1_1' title='bbox 365 179 496 244; x_wconf 79' lang='lat'><strong><em>174</em></strong></span> <span class='ocrx_word' id='word_1_2' title='bbox 1098 182 1516 241; x_wconf 75' lang='grc' dir='ltr'><strong>οΔΤΣΣΕῙΑΣ</strong></span> <span class='ocrx_word' id='word_1_3' title='bbox 1551 183 1622 234; x_wconf 77' lang='grc' dir='ltr'><strong><em>Α.</em></strong></span> 
     </span>
    </p>
   </div>
   <div class='ocr_carea' id='block_1_2' title="bbox 353 318 2397 3580">
    <p class='ocr_par' dir='ltr' id='par_1_2' title="bbox 360 318 2397 1572">
     <span class='ocr_line' id='line_1_2' title="bbox 371 318 2091 410; baseline 0.001 -21"><span class='ocrx_word' id='word_1_4' title='bbox 371 327 712 410; x_wconf 75' lang='grc' dir='ltr'><strong><em>Τειρεσίαο</em></strong></span> <span class='ocrx_word' id='word_1_5' title='bbox 760 325 1071 408; x_wconf 75' lang='grc' dir='ltr'><strong><em>ἄνακτος,</em></strong></span> <span class='ocrx_word' id='word_1_6' title='bbox 1119 322 1258 390; x_wconf 85' lang='grc' dir='ltr'><strong><em>ἐπεὶ</em></strong></span> <span class='ocrx_word' id='word_1_7' title='bbox 1302 325 1467 389; x_wconf 81' lang='grc' dir='ltr'><strong><em>κατὰ</em></strong></span> <span class='ocrx_word' id='word_1_8' title='bbox 1510 318 1796 409; x_wconf 78' lang='grc' dir='ltr'><strong><em>θέσφατ’</em></strong></span> <span class='ocrx_word' id='word_1_9' title='bbox 1845 322 2091 403; x_wconf 81' lang='grc' dir='ltr'><em>ἔλεξεν·</em></span> 
     </span>
     <span class='ocr_line' id='line_1_3' title="bbox 363 426 2272 517; baseline 0.002 -23"><span class='ocrx_word' id='word_1_10' title='bbox 363 429 573 516; x_wconf 80' lang='grc' dir='ltr'><strong><em>αὐτὰρ</em></strong></span> <span class='ocrx_word' id='word_1_11' title='bbox 619 428 792 512; x_wconf 81' lang='grc' dir='ltr'><strong><em>ἐγὼν</em></strong></span> <span class='ocrx_word' id='word_1_12' title='bbox 836 429 1044 496; x_wconf 85' lang='grc' dir='ltr'><strong><em>αὐτοῦ</em></strong></span> <span class='ocrx_word' id='word_1_13' title='bbox 1090 429 1294 515; x_wconf 91' lang='grc' dir='ltr'><strong><em>μένον</em></strong></span> <span class='ocrx_word' id='word_1_14' title='bbox 1339 431 1655 514; x_wconf 82' lang='grc' dir='ltr'><strong><em>ἔμπεδον,</em></strong></span> <span class='ocrx_word' id='word_1_15' title='bbox 1702 426 1858 517; x_wconf 77' lang='grc' dir='ltr'><strong><em>ὄφρ’</em></strong></span> <span class='ocrx_word' id='word_1_16' title='bbox 1909 430 2016 497; x_wconf 87' lang='grc' dir='ltr'><strong><em>ἐπὶ</em></strong></span> <span class='ocrx_word' id='word_1_17' title='bbox 2060 433 2272 517; x_wconf 84' lang='grc' dir='ltr'><strong><em>μήτηρ</em></strong></span> 
     </span>
     <span class='ocr_line' id='line_1_4' title="bbox 363 528 2235 620; baseline 0.001 -19"><span class='ocrx_word' id='word_1_18' title='bbox 363 536 577 619; x_wconf 74' lang='grc' dir='ltr'><strong><em>ἤλυθε</em></strong></span> <span class='ocrx_word' id='word_1_19' title='bbox 621 533 733 600; x_wconf 85' lang='grc' dir='ltr'><strong><em>καὶ</em></strong></span> <span class='ocrx_word' id='word_1_20' title='bbox 777 538 927 601; x_wconf 91' lang='grc' dir='ltr'><strong><em>πίεν</em></strong></span> <span class='ocrx_word' id='word_1_21' title='bbox 973 528 1135 620; x_wconf 86' lang='grc' dir='ltr'><strong><em>αἷμα</em></strong></span> <span class='ocrx_word' id='word_1_22' title='bbox 1175 534 1578 620; x_wconf 88' lang='grc' dir='ltr'><strong><em>κελαινεφές.</em></strong></span> <span class='ocrx_word' id='word_1_23' title='bbox 1635 535 1870 602; x_wconf 86' lang='grc' dir='ltr'><strong><em>αὐτίκα</em></strong></span> <span class='ocrx_word' id='word_1_24' title='bbox 1915 531 1978 603; x_wconf 89' lang='grc' dir='ltr'><strong><em>δ’</em></strong></span> <span class='ocrx_word' id='word_1_25' title='bbox 2030 539 2235 620; x_wconf 80' lang='grc' dir='ltr'><strong><em>ἔγνω,</em></strong></span> 
     </span>
     <span class='ocr_line' id='line_1_5' title="bbox 363 637 2133 727; baseline 0.001 -20"><span class='ocrx_word' id='word_1_26' title='bbox 363 644 481 707; x_wconf 92' lang='grc' dir='ltr'><strong><em>καί</em></strong></span> <span class='ocrx_word' id='word_1_27' title='bbox 518 637 589 726; x_wconf 89' lang='grc' dir='ltr'><strong><em>μ’</em></strong></span> <span class='ocrx_word' id='word_1_28' title='bbox 639 641 1106 727; x_wconf 75' lang='grc' dir='ltr'><strong><em>ὀλοφυρομένη</em></strong></span> <span class='ocrx_word' id='word_1_29' title='bbox 1152 643 1310 706; x_wconf 75' lang='grc' dir='ltr'><strong><em>ἔπεα</em></strong></span> <span class='ocrx_word' id='word_1_30' title='bbox 1354 643 1713 727; x_wconf 86' lang='grc' dir='ltr'><strong><em>πτερόεντα</em></strong></span> <span class='ocrx_word' id='word_1_31' title='bbox 1754 642 2133 726; x_wconf 79' lang='grc' dir='ltr'><strong><em>προσηύδα·</em></strong></span> 
     </span>
     <span class='ocr_line' id='line_1_6' title="bbox 365 743 2397 832; baseline 0.001 -21"><span class='ocrx_word' id='word_1_32' title='bbox 365 745 632 829; x_wconf 89' lang='grc' dir='ltr'><strong><em>,τέκνον</em></strong></span> <span class='ocrx_word' id='word_1_33' title='bbox 679 746 869 832; x_wconf 87' lang='grc' dir='ltr'><strong><em>ἐμόν,</em></strong></span> <span class='ocrx_word' id='word_1_34' title='bbox 913 759 1053 825; x_wconf 84' lang='grc' dir='ltr'><strong><em>πῶς</em></strong></span> <span class='ocrx_word' id='word_1_35' title='bbox 1096 743 1302 831; x_wconf 80' lang='grc' dir='ltr'><strong><em>ἦλθες</em></strong></span> <span class='ocrx_word' id='word_1_36' title='bbox 1346 747 1477 814; x_wconf 83' lang='grc' dir='ltr'><strong><em>ὑπὸ</em></strong></span> <span class='ocrx_word' id='word_1_37' title='bbox 1527 750 1734 832; x_wconf 81' lang='grc' dir='ltr'><strong><em>ζόφον</em></strong></span> <span class='ocrx_word' id='word_1_38' title='bbox 1778 747 2093 832; x_wconf 80' lang='grc' dir='ltr'><strong><em>ἠερόεντα</em></strong></span> <span class='ocrx_word' id='word_1_39' title='bbox 2289 765 2397 814; x_wconf 82' lang='grc'><strong><em>155</em></strong></span> 
     </span>
     <span class='ocr_line' id='line_1_7' title="bbox 367 849 2056 939; baseline 0.001 -21"><span class='ocrx_word' id='word_1_40' title='bbox 367 854 527 930; x_wconf 80' lang='grc' dir='ltr'><strong><em>ζωὸς</em></strong></span> <span class='ocrx_word' id='word_1_41' title='bbox 572 851 729 931; x_wconf 80' lang='grc' dir='ltr'><strong><em>ἐών;</em></strong></span> <span class='ocrx_word' id='word_1_42' title='bbox 777 855 1066 937; x_wconf 89' lang='grc' dir='ltr'><strong><em>χαλεπὸν</em></strong></span> <span class='ocrx_word' id='word_1_43' title='bbox 1111 849 1186 918; x_wconf 69' lang='grc' dir='ltr'><strong><em>δὲ</em></strong></span> <span class='ocrx_word' id='word_1_44' title='bbox 1229 854 1389 918; x_wconf 87' lang='grc' dir='ltr'><strong><em>τάδε</em></strong></span> <span class='ocrx_word' id='word_1_45' title='bbox 1437 856 1703 932; x_wconf 80' lang='grc' dir='ltr'><strong><em>ζωοῖσιν</em></strong></span> <span class='ocrx_word' id='word_1_46' title='bbox 1748 852 2056 939; x_wconf 84' lang='grc' dir='ltr'><strong><em>ὁρᾶσθαι.</em></strong></span> 
     </span>
     <span class='ocr_line' id='line_1_8' title="bbox 367 956 2150 1047; baseline 0.001 -24"><span class='ocrx_word' id='word_1_47' title='bbox 367 956 615 1047; x_wconf 73' lang='grc' dir='ltr'><strong><em>[μέσσῳ</em></strong></span> <span class='ocrx_word' id='word_1_48' title='bbox 660 960 788 1046; x_wconf 80' lang='grc' dir='ltr'><strong><em>γὰρ</em></strong></span> <span class='ocrx_word' id='word_1_49' title='bbox 834 960 1110 1044; x_wconf 75' lang='grc' dir='ltr'><strong><em>μεγάλοι</em></strong></span> <span class='ocrx_word' id='word_1_50' title='bbox 1155 957 1440 1044; x_wconf 87' lang='grc' dir='ltr'><strong><em>ποταμοὶ</em></strong></span> <span class='ocrx_word' id='word_1_51' title='bbox 1483 958 1597 1025; x_wconf 85' lang='grc' dir='ltr'><strong><em>καὶ</em></strong></span> <span class='ocrx_word' id='word_1_52' title='bbox 1642 960 1829 1025; x_wconf 78' lang='grc' dir='ltr'><strong><em>δεινὰ</em></strong></span> <span class='ocrx_word' id='word_1_53' title='bbox 1875 957 2150 1045; x_wconf 78' lang='grc' dir='ltr'><strong><em>ῥέεθρα,</em></strong></span> 
     </span>
     <span class='ocr_line' id='line_1_9' title="bbox 360 1057 2119 1152; baseline 0.001 -25"><span class='ocrx_word' id='word_1_54' title='bbox 360 1057 667 1141; x_wconf 78' lang='grc' dir='ltr'><strong><em>Ὠκεανὸς</em></strong></span> <span class='ocrx_word' id='word_1_55' title='bbox 711 1061 834 1150; x_wconf 72' lang='grc' dir='ltr'><strong><em>μὲν</em></strong></span> <span class='ocrx_word' id='word_1_56' title='bbox 879 1076 1135 1152; x_wconf 84' lang='grc' dir='ltr'><strong><em>πρῶτα,</em></strong></span> <span class='ocrx_word' id='word_1_57' title='bbox 1178 1066 1299 1130; x_wconf 89' lang='grc' dir='ltr'><strong><em>τὸν</em></strong></span> <span class='ocrx_word' id='word_1_58' title='bbox 1345 1065 1427 1130; x_wconf 80' lang='grc' dir='ltr'><strong><em>οὔ</em></strong></span> <span class='ocrx_word' id='word_1_59' title='bbox 1471 1085 1610 1142; x_wconf 83' lang='grc' dir='ltr'><strong><em>πώς</em></strong></span> <span class='ocrx_word' id='word_1_60' title='bbox 1652 1067 1793 1130; x_wconf 78' lang='grc' dir='ltr'><strong><em>ἔστι</em></strong></span> <span class='ocrx_word' id='word_1_61' title='bbox 1837 1073 2119 1149; x_wconf 83' lang='grc' dir='ltr'><strong><em>περῆσαι</em></strong></span> 
     </span>
     <span class='ocr_line' id='line_1_10' title="bbox 364 1165 1921 1256; baseline 0.001 -23"><span class='ocrx_word' id='word_1_62' title='bbox 364 1170 561 1248; x_wconf 80' lang='grc' dir='ltr'><strong><em>πεζὸν</em></strong></span> <span class='ocrx_word' id='word_1_63' title='bbox 607 1165 806 1254; x_wconf 89' lang='grc' dir='ltr'><strong><em>ἐόντ’,</em></strong></span> <span class='ocrx_word' id='word_1_64' title='bbox 853 1169 939 1254; x_wconf 76' lang='grc' dir='ltr'><strong><em>ἢν</em></strong></span> <span class='ocrx_word' id='word_1_65' title='bbox 984 1172 1073 1254; x_wconf 84' lang='grc' dir='ltr'><strong><em>μή</em></strong></span> <span class='ocrx_word' id='word_1_66' title='bbox 1116 1192 1219 1246; x_wconf 90' lang='grc' dir='ltr'><strong><em>τις</em></strong></span> <span class='ocrx_word' id='word_1_67' title='bbox 1261 1171 1377 1255; x_wconf 81' lang='grc' dir='ltr'><strong><em>ἔχῃ</em></strong></span> <span class='ocrx_word' id='word_1_68' title='bbox 1424 1167 1698 1256; x_wconf 83' lang='grc' dir='ltr'><strong><em>ἐυεργέα</em></strong></span> <span class='ocrx_word' id='word_1_69' title='bbox 1741 1172 1921 1252; x_wconf 64' lang='grc' dir='ltr'><strong><em>νῆά]</em></strong></span> 
     </span>
     <span class='ocr_line' id='line_1_11' title="bbox 364 1269 2396 1361; baseline 0 -21"><span class='ocrx_word' id='word_1_70' title='bbox 364 1269 406 1357; x_wconf 84' lang='grc' dir='ltr'><em>ἦ</em></span> <span class='ocrx_word' id='word_1_71' title='bbox 454 1284 583 1341; x_wconf 84' lang='grc' dir='ltr'><strong><em>νῦν</em></strong></span> <span class='ocrx_word' id='word_1_72' title='bbox 629 1276 712 1359; x_wconf 84' lang='grc' dir='ltr'><strong><em>δὴ</em></strong></span> <span class='ocrx_word' id='word_1_73' title='bbox 767 1279 1102 1361; x_wconf 78' lang='grc' dir='ltr'><strong><em>Τροίηθεν</em></strong></span> <span class='ocrx_word' id='word_1_74' title='bbox 1148 1274 1486 1359; x_wconf 80' lang='grc' dir='ltr'><strong><em>ἀλώμενος</em></strong></span> <span class='ocrx_word' id='word_1_75' title='bbox 1531 1270 1766 1340; x_wconf 82' lang='grc' dir='ltr'><strong><em>ἐνθάδ’</em></strong></span> <span class='ocrx_word' id='word_1_76' title='bbox 1819 1276 2066 1352; x_wconf 77' lang='grc' dir='ltr'><strong><em>ἱκάνεις</em></strong></span> <span class='ocrx_word' id='word_1_77' title='bbox 2290 1291 2396 1341; x_wconf 84' lang='grc'><strong><em>160</em></strong></span> 
     </span>
     <span class='ocr_line' id='line_1_12' title="bbox 364 1377 2275 1468; baseline 0.001 -24"><span class='ocrx_word' id='word_1_78' title='bbox 364 1383 485 1464; x_wconf 91' lang='grc' dir='ltr'><strong><em>νηί</em></strong></span> <span class='ocrx_word' id='word_1_79' title='bbox 521 1404 591 1446; x_wconf 91' lang='grc' dir='ltr'><strong><em>τε</em></strong></span> <span class='ocrx_word' id='word_1_80' title='bbox 636 1380 749 1447; x_wconf 85' lang='grc' dir='ltr'><strong><em>καὶ</em></strong></span> <span class='ocrx_word' id='word_1_81' title='bbox 795 1380 1088 1468; x_wconf 75' lang='grc' dir='ltr'><strong><em>ἑτάροισι</em></strong></span> <span class='ocrx_word' id='word_1_82' title='bbox 1130 1384 1348 1446; x_wconf 84' lang='grc' dir='ltr'><strong><em>πολὺν</em></strong></span> <span class='ocrx_word' id='word_1_83' title='bbox 1392 1383 1668 1467; x_wconf 84' lang='grc' dir='ltr'><strong><em>χρόνον;</em></strong></span> <span class='ocrx_word' id='word_1_84' title='bbox 1719 1380 1885 1446; x_wconf 86' lang='grc' dir='ltr'><strong><em>οὐδέ</em></strong></span> <span class='ocrx_word' id='word_1_85' title='bbox 1923 1403 2025 1446; x_wconf 84' lang='grc' dir='ltr'><strong><em>πώ</em></strong></span> <span class='ocrx_word' id='word_1_86' title='bbox 2070 1377 2275 1465; x_wconf 84' lang='grc' dir='ltr'><strong><em>ἦλθες</em></strong></span> 
     </span>
     <span class='ocr_line' id='line_1_13' title="bbox 366 1480 2150 1572; baseline 0.001 -23"><span class='ocrx_word' id='word_1_87' title='bbox 366 1486 461 1562; x_wconf 84' lang='grc' dir='ltr'><strong><em>εἰς</em></strong></span> <span class='ocrx_word' id='word_1_88' title='bbox 499 1480 799 1572; x_wconf 78' lang='grc' dir='ltr'><strong><em>Ἰθάκην,</em></strong></span> <span class='ocrx_word' id='word_1_89' title='bbox 847 1482 995 1554; x_wconf 86' lang='grc' dir='ltr'><strong><em>οὐδ’</em></strong></span> <span class='ocrx_word' id='word_1_90' title='bbox 1046 1482 1218 1564; x_wconf 86' lang='grc' dir='ltr'><strong><em>εἶδες</em></strong></span> <span class='ocrx_word' id='word_1_91' title='bbox 1262 1484 1366 1552; x_wconf 82' lang='grc' dir='ltr'><strong><em>ἐνὶ</em></strong></span> <span class='ocrx_word' id='word_1_92' title='bbox 1412 1487 1759 1571; x_wconf 82' lang='grc' dir='ltr'><strong><em>μεγάροισι</em></strong></span> <span class='ocrx_word' id='word_1_93' title='bbox 1803 1488 2150 1569; x_wconf 65' lang='grc' dir='ltr'><strong><em>γυναῖκας6</em></strong></span> 
     </span>
    </p>

    <p class='ocr_par' dir='ltr' id='par_1_3' title="bbox 353 1587 2395 3369">
     <span class='ocr_line' id='line_1_14' title="bbox 456 1587 2347 1679; baseline 0.001 -22"><span class='ocrx_word' id='word_1_94' title='bbox 456 1587 546 1670; x_wconf 78' lang='grc' dir='ltr'><strong><em>ὥς</em></strong></span> <span class='ocrx_word' id='word_1_95' title='bbox 590 1588 805 1679; x_wconf 81' lang='grc' dir='ltr'><strong><em>ἔφατ’,</em></strong></span> <span class='ocrx_word' id='word_1_96' title='bbox 852 1593 1060 1679; x_wconf 82' lang='grc' dir='ltr'><strong><em>αὐτὰρ</em></strong></span> <span class='ocrx_word' id='word_1_97' title='bbox 1107 1591 1237 1676; x_wconf 80' lang='grc' dir='ltr'><strong><em>ἐγώ</em></strong></span> <span class='ocrx_word' id='word_1_98' title='bbox 1284 1616 1400 1676; x_wconf 91' lang='grc' dir='ltr'><strong><em>μιν</em></strong></span> <span class='ocrx_word' id='word_1_99' title='bbox 1448 1590 1879 1677; x_wconf 85' lang='grc' dir='ltr'><strong><em>ἀμειβόμενος</em></strong></span> <span class='ocrx_word' id='word_1_100' title='bbox 1920 1591 2347 1679; x_wconf 81' lang='grc' dir='ltr'><strong><em>προσέειπον·</em></strong></span> 
     </span>
     <span class='ocr_line' id='line_1_15' title="bbox 367 1692 1985 1785; baseline 0 -22"><span class='ocrx_word' id='word_1_101' title='bbox 367 1706 600 1784; x_wconf 85' lang='grc' dir='ltr'><strong><em>,μῆτερ</em></strong></span> <span class='ocrx_word' id='word_1_102' title='bbox 646 1698 799 1783; x_wconf 80' lang='grc' dir='ltr'><strong><em>ἐμή,</em></strong></span> <span class='ocrx_word' id='word_1_103' title='bbox 844 1699 1042 1785; x_wconf 87' lang='grc' dir='ltr'><strong><em>χρειώ</em></strong></span> <span class='ocrx_word' id='word_1_104' title='bbox 1088 1721 1169 1782; x_wconf 88' lang='grc' dir='ltr'><strong><em>με</em></strong></span> <span class='ocrx_word' id='word_1_105' title='bbox 1212 1700 1585 1781; x_wconf 77' lang='grc' dir='ltr'><strong><em>κατήγαγεν</em></strong></span> <span class='ocrx_word' id='word_1_106' title='bbox 1631 1699 1725 1774; x_wconf 84' lang='grc' dir='ltr'><strong><em>εἰς</em></strong></span> <span class='ocrx_word' id='word_1_107' title='bbox 1763 1692 1985 1763; x_wconf 85' lang='grc' dir='ltr'><strong><em>Ἀίδαο</em></strong></span> 
     </span>
     <span class='ocr_line' id='line_1_16' title="bbox 365 1805 2394 1889; baseline 0.001 -22"><span class='ocrx_word' id='word_1_108' title='bbox 365 1811 545 1887; x_wconf 79' lang='grc' dir='ltr'><strong><em>ψυχῇ</em></strong></span> <span class='ocrx_word' id='word_1_109' title='bbox 591 1806 1005 1889; x_wconf 82' lang='grc' dir='ltr'><strong><em>χρησόμενον</em></strong></span> <span class='ocrx_word' id='word_1_110' title='bbox 1057 1805 1357 1887; x_wconf 85' lang='grc' dir='ltr'><strong><em>Θηβαίου</em></strong></span> <span class='ocrx_word' id='word_1_111' title='bbox 1410 1805 1780 1889; x_wconf 85' lang='grc' dir='ltr'><strong><em>Τειρεσίαο·</em></strong></span> <span class='ocrx_word' id='word_1_112' title='bbox 2290 1821 2394 1871; x_wconf 83' lang='grc'><strong><em>165</em></strong></span> 
     </span>
     <span class='ocr_line' id='line_1_17' title="bbox 369 1902 2286 1996; baseline 0.001 -22"><span class='ocrx_word' id='word_1_113' title='bbox 369 1908 451 1974; x_wconf 85' lang='grc' dir='ltr'><strong><em>οὐ</em></strong></span> <span class='ocrx_word' id='word_1_114' title='bbox 496 1909 623 1996; x_wconf 88' lang='grc' dir='ltr'><strong><em>γάρ</em></strong></span> <span class='ocrx_word' id='word_1_115' title='bbox 667 1929 768 1975; x_wconf 85' lang='grc' dir='ltr'><strong><em>πω</em></strong></span> <span class='ocrx_word' id='word_1_116' title='bbox 816 1910 1056 1994; x_wconf 89' lang='grc' dir='ltr'><strong><em>σχεδὸν</em></strong></span> <span class='ocrx_word' id='word_1_117' title='bbox 1100 1902 1322 1991; x_wconf 81' lang='grc' dir='ltr'><strong><em>ἦλθον</em></strong></span> <span class='ocrx_word' id='word_1_118' title='bbox 1362 1902 1716 1994; x_wconf 81' lang='grc' dir='ltr'><strong><em>Ἀχαιίδος,</em></strong></span> <span class='ocrx_word' id='word_1_119' title='bbox 1764 1907 1928 1976; x_wconf 86' lang='grc' dir='ltr'><strong><em>οὐδέ</em></strong></span> <span class='ocrx_word' id='word_1_120' title='bbox 1968 1929 2071 1975; x_wconf 85' lang='grc' dir='ltr'><strong><em>πω</em></strong></span> <span class='ocrx_word' id='word_1_121' title='bbox 2117 1908 2286 1995; x_wconf 84' lang='grc' dir='ltr'><strong><em>ἁμῆς</em></strong></span> 
     </span>
     <span class='ocr_line' id='line_1_18' title="bbox 367 2010 2045 2100; baseline 0 -19"><span class='ocrx_word' id='word_1_122' title='bbox 367 2023 489 2098; x_wconf 81' lang='grc' dir='ltr'><strong><em>γῆς</em></strong></span> <span class='ocrx_word' id='word_1_123' title='bbox 534 2013 806 2099; x_wconf 80' lang='grc' dir='ltr'><strong><em>ἐπέβην,</em></strong></span> <span class='ocrx_word' id='word_1_124' title='bbox 854 2010 998 2081; x_wconf 90' lang='grc' dir='ltr'><strong><em>ἀλλ’</em></strong></span> <span class='ocrx_word' id='word_1_125' title='bbox 1050 2011 1195 2080; x_wconf 69' lang='grc' dir='ltr'><strong><em>αἰὲν</em></strong></span> <span class='ocrx_word' id='word_1_126' title='bbox 1239 2017 1411 2098; x_wconf 81' lang='grc' dir='ltr'><strong><em>ἔχων</em></strong></span> <span class='ocrx_word' id='word_1_127' title='bbox 1456 2013 1784 2100; x_wconf 79' lang='grc' dir='ltr'><strong><em>ἀλάλημαι</em></strong></span> <span class='ocrx_word' id='word_1_128' title='bbox 1830 2015 2045 2099; x_wconf 80' lang='grc' dir='ltr'><strong><em>ὀιζύν,</em></strong></span> 
     </span>
     <span class='ocr_line' id='line_1_19' title="bbox 369 2115 2007 2210; baseline 0 -25"><span class='ocrx_word' id='word_1_129' title='bbox 369 2117 435 2199; x_wconf 82' lang='grc' dir='ltr'><strong><em>ἐξ</em></strong></span> <span class='ocrx_word' id='word_1_130' title='bbox 481 2115 563 2186; x_wconf 86' lang='grc' dir='ltr'><strong><em>οὗ</em></strong></span> <span class='ocrx_word' id='word_1_131' title='bbox 606 2122 687 2186; x_wconf 80' lang='grc' dir='ltr'><strong><em>τὰ</em></strong></span> <span class='ocrx_word' id='word_1_132' title='bbox 732 2115 1059 2206; x_wconf 81' lang='grc' dir='ltr'><strong><em>πρώτισθ’</em></strong></span> <span class='ocrx_word' id='word_1_133' title='bbox 1110 2119 1365 2205; x_wconf 83' lang='grc' dir='ltr'><strong><em>ἑπόμην</em></strong></span> <span class='ocrx_word' id='word_1_134' title='bbox 1404 2115 1840 2206; x_wconf 81' lang='grc' dir='ltr'><strong><em>Ἀγαμέμνονι</em></strong></span> <span class='ocrx_word' id='word_1_135' title='bbox 1883 2121 2007 2210; x_wconf 74' lang='grc' dir='ltr'><strong><em>δίῳ</em></strong></span> 
     </span>
     <span class='ocr_line' id='line_1_20' title="bbox 353 2223 1983 2312; baseline 0.001 -21"><span class='ocrx_word' id='word_1_136' title='bbox 353 2223 561 2292; x_wconf 85' lang='grc' dir='ltr'><strong><em>Ἴλιον</em></strong></span> <span class='ocrx_word' id='word_1_137' title='bbox 606 2229 701 2304; x_wconf 84' lang='grc' dir='ltr'><strong><em>εἰς</em></strong></span> <span class='ocrx_word' id='word_1_138' title='bbox 747 2227 1080 2309; x_wconf 85' lang='grc' dir='ltr'><strong><em>ἐύπωλον,</em></strong></span> <span class='ocrx_word' id='word_1_139' title='bbox 1126 2227 1240 2292; x_wconf 83' lang='grc' dir='ltr'><strong><em>ἵνα</em></strong></span> <span class='ocrx_word' id='word_1_140' title='bbox 1293 2226 1594 2311; x_wconf 81' lang='grc' dir='ltr'><strong><em>Τρώεσσι</em></strong></span> <span class='ocrx_word' id='word_1_141' title='bbox 1636 2230 1983 2312; x_wconf 87' lang='grc' dir='ltr'><strong><em>μαχοίμην.</em></strong></span> 
     </span>
     <span class='ocr_line' id='line_1_21' title="bbox 370 2327 2395 2419; baseline 0 -23"><span class='ocrx_word' id='word_1_142' title='bbox 370 2327 514 2397; x_wconf 86' lang='grc' dir='ltr'><strong><em>ἀλλ’</em></strong></span> <span class='ocrx_word' id='word_1_143' title='bbox 567 2334 685 2415; x_wconf 76' lang='grc' dir='ltr'><strong><em>ἄγε</em></strong></span> <span class='ocrx_word' id='word_1_144' title='bbox 729 2357 843 2417; x_wconf 92' lang='grc' dir='ltr'><strong><em>μοι</em></strong></span> <span class='ocrx_word' id='word_1_145' title='bbox 887 2333 1040 2398; x_wconf 93' lang='grc' dir='ltr'><strong><em>τόδε</em></strong></span> <span class='ocrx_word' id='word_1_146' title='bbox 1085 2328 1225 2398; x_wconf 74' lang='grc' dir='ltr'><strong><em>εἰπὲ</em></strong></span> <span class='ocrx_word' id='word_1_147' title='bbox 1270 2330 1384 2398; x_wconf 87' lang='grc' dir='ltr'><strong><em>καὶ</em></strong></span> <span class='ocrx_word' id='word_1_148' title='bbox 1430 2331 1752 2419; x_wconf 85' lang='grc' dir='ltr'><strong><em>ἀτρεκέως</em></strong></span> <span class='ocrx_word' id='word_1_149' title='bbox 1793 2332 2181 2413; x_wconf 82' lang='grc' dir='ltr'><strong><em>κατάλεξον·</em></strong></span> <span class='ocrx_word' id='word_1_150' title='bbox 2290 2348 2395 2398; x_wconf 78' lang='grc'><strong><em>170</em></strong></span> 
     </span>
     <span class='ocr_line' id='line_1_22' title="bbox 367 2436 2097 2523; baseline -0.001 -20"><span class='ocrx_word' id='word_1_151' title='bbox 367 2440 468 2515; x_wconf 89' lang='grc' dir='ltr'><strong><em>τίς</em></strong></span> <span class='ocrx_word' id='word_1_152' title='bbox 510 2439 596 2503; x_wconf 85' lang='grc' dir='ltr'><strong><em>νύ</em></strong></span> <span class='ocrx_word' id='word_1_153' title='bbox 641 2454 714 2503; x_wconf 92' lang='grc' dir='ltr'><strong><em>σε</em></strong></span> <span class='ocrx_word' id='word_1_154' title='bbox 760 2438 886 2523; x_wconf 85' lang='grc' dir='ltr'><strong><em>κὴρ</em></strong></span> <span class='ocrx_word' id='word_1_155' title='bbox 932 2437 1261 2521; x_wconf 79' lang='grc' dir='ltr'><strong><em>ἐδάμασσε</em></strong></span> <span class='ocrx_word' id='word_1_156' title='bbox 1305 2436 1699 2521; x_wconf 88' lang='grc' dir='ltr'><strong><em>τανηλεγέος</em></strong></span> <span class='ocrx_word' id='word_1_157' title='bbox 1741 2438 2097 2517; x_wconf 84' lang='grc' dir='ltr'><strong><em>θανάτοιο;</em></strong></span> 
     </span>
     <span class='ocr_line' id='line_1_23' title="bbox 368 2538 1772 2630; baseline 0 -22"><span class='ocrx_word' id='word_1_158' title='bbox 368 2538 409 2626; x_wconf 81' lang='grc' dir='ltr'><strong><em>ἦ</em></strong></span> <span class='ocrx_word' id='word_1_159' title='bbox 457 2544 687 2628; x_wconf 82' lang='grc' dir='ltr'><strong><em>δολιχὴ</em></strong></span> <span class='ocrx_word' id='word_1_160' title='bbox 734 2552 1008 2626; x_wconf 87' lang='grc' dir='ltr'><strong><em>νοῦσος,</em></strong></span> <span class='ocrx_word' id='word_1_161' title='bbox 1053 2538 1430 2628; x_wconf 76' lang='grc' dir='ltr'><strong><em>ἧἍρτεμις</em></strong></span> <span class='ocrx_word' id='word_1_162' title='bbox 1477 2543 1772 2630; x_wconf 84' lang='grc' dir='ltr'><strong><em>ἰοχέαιρα</em></strong></span> 
     </span>
     <span class='ocr_line' id='line_1_24' title="bbox 369 2641 2091 2734; baseline -0.001 -20"><span class='ocrx_word' id='word_1_163' title='bbox 369 2641 471 2726; x_wconf 84' lang='grc' dir='ltr'><strong><em>οἷς</em></strong></span> <span class='ocrx_word' id='word_1_164' title='bbox 515 2649 788 2732; x_wconf 82' lang='grc' dir='ltr'><strong><em>ἀγανοῖς</em></strong></span> <span class='ocrx_word' id='word_1_165' title='bbox 832 2647 1173 2732; x_wconf 88' lang='grc' dir='ltr'><strong><em>βελέεσσιν</em></strong></span> <span class='ocrx_word' id='word_1_166' title='bbox 1219 2647 1611 2733; x_wconf 87' lang='grc' dir='ltr'><strong><em>ἐποιχομένη</em></strong></span> <span class='ocrx_word' id='word_1_167' title='bbox 1657 2646 2091 2734; x_wconf 87' lang='grc' dir='ltr'><strong><em>κατέπεφνεν;</em></strong></span> 
     </span>
     <span class='ocr_line' id='line_1_25' title="bbox 369 2751 2187 2841; baseline 0 -22"><span class='ocrx_word' id='word_1_168' title='bbox 369 2751 508 2820; x_wconf 70' lang='grc' dir='ltr'><strong><em>εἰπὲ</em></strong></span> <span class='ocrx_word' id='word_1_169' title='bbox 555 2752 636 2820; x_wconf 89' lang='grc' dir='ltr'><strong><em>δέ</em></strong></span> <span class='ocrx_word' id='word_1_170' title='bbox 675 2777 789 2839; x_wconf 90' lang='grc' dir='ltr'><strong><em>μοι</em></strong></span> <span class='ocrx_word' id='word_1_171' title='bbox 832 2757 1079 2841; x_wconf 88' lang='grc' dir='ltr'><strong><em>πατρός</em></strong></span> <span class='ocrx_word' id='word_1_172' title='bbox 1121 2777 1191 2820; x_wconf 90' lang='grc' dir='ltr'><strong><em>τε</em></strong></span> <span class='ocrx_word' id='word_1_173' title='bbox 1236 2752 1349 2819; x_wconf 82' lang='grc' dir='ltr'><strong><em>καὶ</em></strong></span> <span class='ocrx_word' id='word_1_174' title='bbox 1392 2752 1602 2837; x_wconf 76' lang='grc' dir='ltr'><strong><em>υἱέος,</em></strong></span> <span class='ocrx_word' id='word_1_175' title='bbox 1648 2752 1729 2818; x_wconf 85' lang='grc' dir='ltr'><strong><em>ὃν</em></strong></span> <span class='ocrx_word' id='word_1_176' title='bbox 1772 2752 2187 2837; x_wconf 89' lang='grc' dir='ltr'><strong><em>κατέλειπον,</em></strong></span> 
     </span>
     <span class='ocr_line' id='line_1_26' title="bbox 368 2854 2395 2947; baseline -0 -22"><span class='ocrx_word' id='word_1_177' title='bbox 368 2857 409 2942; x_wconf 81' lang='grc' dir='ltr'><em>ἢ</em></span> <span class='ocrx_word' id='word_1_178' title='bbox 456 2861 552 2925; x_wconf 76' lang='grc' dir='ltr'><strong><em>ἔτι</em></strong></span> <span class='ocrx_word' id='word_1_179' title='bbox 595 2861 730 2946; x_wconf 81' lang='grc' dir='ltr'><strong><em>πὰρ</em></strong></span> <span class='ocrx_word' id='word_1_180' title='bbox 773 2863 1097 2925; x_wconf 86' lang='grc' dir='ltr'><strong><em>κείνοισιν</em></strong></span> <span class='ocrx_word' id='word_1_181' title='bbox 1142 2859 1302 2945; x_wconf 81' lang='grc' dir='ltr'><strong><em>ἐμὸν</em></strong></span> <span class='ocrx_word' id='word_1_182' title='bbox 1348 2859 1576 2947; x_wconf 88' lang='grc' dir='ltr'><strong><em>γέρας,</em></strong></span> <span class='ocrx_word' id='word_1_183' title='bbox 1620 2854 1703 2942; x_wconf 84' lang='grc' dir='ltr'><strong><em>ἦέ</em></strong></span> <span class='ocrx_word' id='word_1_184' title='bbox 1741 2881 1842 2936; x_wconf 92' lang='grc' dir='ltr'><strong><em>τις</em></strong></span> <span class='ocrx_word' id='word_1_185' title='bbox 1884 2859 2013 2943; x_wconf 75' lang='grc' dir='ltr'><strong><em>ἤδη</em></strong></span> <span class='ocrx_word' id='word_1_186' title='bbox 2229 2917 2232 2924; x_wconf 89' lang='grc'>.</span> <span class='ocrx_word' id='word_1_187' title='bbox 2290 2873 2395 2925; x_wconf 80' lang='grc'><strong><em>175</em></strong></span> 
     </span>
     <span class='ocr_line' id='line_1_27' title="bbox 369 2961 2180 3052; baseline -0.001 -21"><span class='ocrx_word' id='word_1_188' title='bbox 369 2964 636 3050; x_wconf 80' lang='grc' dir='ltr'><strong><em>ἀνδρῶν</em></strong></span> <span class='ocrx_word' id='word_1_189' title='bbox 681 2967 879 3044; x_wconf 75' lang='grc' dir='ltr'><strong><em>ἄλλος</em></strong></span> <span class='ocrx_word' id='word_1_190' title='bbox 925 2969 1088 3052; x_wconf 82' lang='grc' dir='ltr'><strong><em>ἔχει,</em></strong></span> <span class='ocrx_word' id='word_1_191' title='bbox 1134 2962 1246 3050; x_wconf 74' lang='grc' dir='ltr'><strong><em>ἐμὲ</em></strong></span> <span class='ocrx_word' id='word_1_192' title='bbox 1293 2961 1358 3031; x_wconf 89' lang='grc' dir='ltr'><strong><em>δ’</em></strong></span> <span class='ocrx_word' id='word_1_193' title='bbox 1410 2963 1630 3031; x_wconf 86' lang='grc' dir='ltr'><strong><em>οὐκέτι</em></strong></span> <span class='ocrx_word' id='word_1_194' title='bbox 1678 2962 1843 3051; x_wconf 87' lang='grc' dir='ltr'><strong><em>φασὶ</em></strong></span> <span class='ocrx_word' id='word_1_195' title='bbox 1888 2962 2180 3030; x_wconf 90' lang='grc' dir='ltr'><strong><em>νέεσθαι.</em></strong></span> 
     </span>
     <span class='ocr_line' id='line_1_28' title="bbox 370 3069 2190 3158; baseline -0.001 -21"><span class='ocrx_word' id='word_1_196' title='bbox 370 3069 509 3138; x_wconf 72' lang='grc' dir='ltr'><strong><em>εἰπὲ</em></strong></span> <span class='ocrx_word' id='word_1_197' title='bbox 557 3070 637 3138; x_wconf 89' lang='grc' dir='ltr'><strong><em>δέ</em></strong></span> <span class='ocrx_word' id='word_1_198' title='bbox 676 3095 790 3156; x_wconf 87' lang='grc' dir='ltr'><strong><em>μοι</em></strong></span> <span class='ocrx_word' id='word_1_199' title='bbox 835 3081 1127 3158; x_wconf 81' lang='grc' dir='ltr'><strong><em>μνηστῆς</em></strong></span> <span class='ocrx_word' id='word_1_200' title='bbox 1172 3071 1421 3157; x_wconf 87' lang='grc' dir='ltr'><strong><em>ἀλόχου</em></strong></span> <span class='ocrx_word' id='word_1_201' title='bbox 1467 3074 1722 3154; x_wconf 79' lang='grc' dir='ltr'><strong><em>βουλήν</em></strong></span> <span class='ocrx_word' id='word_1_202' title='bbox 1764 3092 1837 3134; x_wconf 90' lang='grc' dir='ltr'><strong><em>τε</em></strong></span> <span class='ocrx_word' id='word_1_203' title='bbox 1880 3071 2047 3135; x_wconf 93' lang='grc' dir='ltr'><strong><em>νόον</em></strong></span> <span class='ocrx_word' id='word_1_204' title='bbox 2088 3092 2190 3153; x_wconf 87' lang='grc' dir='ltr'><strong><em>τε,</em></strong></span> 
     </span>
     <span class='ocr_line' id='line_1_29' title="bbox 367 3174 2232 3263; baseline -0.002 -21"><span class='ocrx_word' id='word_1_205' title='bbox 367 3174 443 3261; x_wconf 76' lang='grc' dir='ltr'><strong><em>ἠὲ</em></strong></span> <span class='ocrx_word' id='word_1_206' title='bbox 488 3175 671 3262; x_wconf 89' lang='grc' dir='ltr'><strong><em>μένει</em></strong></span> <span class='ocrx_word' id='word_1_207' title='bbox 715 3178 893 3263; x_wconf 77' lang='grc' dir='ltr'><strong><em>παρὰ</em></strong></span> <span class='ocrx_word' id='word_1_208' title='bbox 935 3175 1125 3243; x_wconf 87' lang='grc' dir='ltr'><strong><em>παιδὶ</em></strong></span> <span class='ocrx_word' id='word_1_209' title='bbox 1168 3175 1280 3242; x_wconf 82' lang='grc' dir='ltr'><strong><em>καὶ</em></strong></span> <span class='ocrx_word' id='word_1_210' title='bbox 1326 3178 1573 3261; x_wconf 82' lang='grc' dir='ltr'><strong><em>ἔμπεδα</em></strong></span> <span class='ocrx_word' id='word_1_211' title='bbox 1616 3176 1831 3241; x_wconf 88' lang='grc' dir='ltr'><strong><em>πάντα</em></strong></span> <span class='ocrx_word' id='word_1_212' title='bbox 1874 3175 2232 3259; x_wconf 89' lang='grc' dir='ltr'><strong><em>φυλάσσει,</em></strong></span> 
     </span>
     <span class='ocr_line' id='line_1_30' title="bbox 366 3277 1969 3369; baseline -0.002 -20"><span class='ocrx_word' id='word_1_213' title='bbox 366 3278 408 3366; x_wconf 79' lang='grc' dir='ltr'><strong><em>ἦ</em></strong></span> <span class='ocrx_word' id='word_1_214' title='bbox 454 3284 582 3367; x_wconf 78' lang='grc' dir='ltr'><strong><em>ἤδη</em></strong></span> <span class='ocrx_word' id='word_1_215' title='bbox 630 3307 746 3369; x_wconf 89' lang='grc' dir='ltr'><strong><em>μιν</em></strong></span> <span class='ocrx_word' id='word_1_216' title='bbox 789 3286 1032 3368; x_wconf 78' lang='grc' dir='ltr'><strong><em>ἔγημεν</em></strong></span> <span class='ocrx_word' id='word_1_217' title='bbox 1071 3277 1348 3367; x_wconf 81' lang='grc' dir='ltr'><strong><em>Ἀχαιῶν</em></strong></span> <span class='ocrx_word' id='word_1_218' title='bbox 1394 3282 1466 3359; x_wconf 84' lang='grc' dir='ltr'><strong><em>ὅς</em></strong></span> <span class='ocrx_word' id='word_1_219' title='bbox 1509 3305 1609 3358; x_wconf 91' lang='grc' dir='ltr'><strong><em>τις</em></strong></span> <span class='ocrx_word' id='word_1_220' title='bbox 1654 3282 1969 3367; x_wconf 53' lang='grc' dir='ltr'><strong><em>ἅριστοςέ</em></strong></span> 
     </span>
    </p>

    <p class='ocr_par' dir='ltr' id='par_1_4' title="bbox 369 3383 2397 3580">
     <span class='ocr_line' id='line_1_31' title="bbox 457 3383 2397 3477; baseline -0.003 -21"><span class='ocrx_word' id='word_1_221' title='bbox 457 3386 546 3467; x_wconf 79' lang='grc' dir='ltr'><strong><em>ὧς</em></strong></span> <span class='ocrx_word' id='word_1_222' title='bbox 590 3389 885 3477; x_wconf 81' lang='grc' dir='ltr'><strong><em>ἐφάμην,</em></strong></span> <span class='ocrx_word' id='word_1_223' title='bbox 928 3389 971 3473; x_wconf 85' lang='grc' dir='ltr'><em>ἡ</em></span> <span class='ocrx_word' id='word_1_224' title='bbox 1020 3383 1081 3454; x_wconf 85' lang='grc' dir='ltr'><strong><em>δ’</em></strong></span> <span class='ocrx_word' id='word_1_225' title='bbox 1130 3383 1345 3455; x_wconf 85' lang='grc' dir='ltr'><strong><em>αὐτίκ’</em></strong></span> <span class='ocrx_word' id='word_1_226' title='bbox 1389 3386 1690 3472; x_wconf 88' lang='grc' dir='ltr'><strong><em>ἀμείβετο</em></strong></span> <span class='ocrx_word' id='word_1_227' title='bbox 1727 3388 1966 3453; x_wconf 88' lang='grc' dir='ltr'><strong><em>πότνια</em></strong></span> <span class='ocrx_word' id='word_1_228' title='bbox 2001 3387 2242 3472; x_wconf 86' lang='grc' dir='ltr'><strong><em>μήτηρ·</em></strong></span> <span class='ocrx_word' id='word_1_229' title='bbox 2292 3400 2397 3452; x_wconf 83' lang='grc'><strong><em>180</em></strong></span> 
     </span>
     <span class='ocr_line' id='line_1_32' title="bbox 369 3492 1875 3580; baseline -0.003 -19"><span class='ocrx_word' id='word_1_230' title='bbox 369 3494 510 3579; x_wconf 87' lang='grc' dir='ltr'><strong><em>,καὶ</em></strong></span> <span class='ocrx_word' id='word_1_231' title='bbox 555 3499 708 3580; x_wconf 89' lang='grc' dir='ltr'><strong><em>λίην</em></strong></span> <span class='ocrx_word' id='word_1_232' title='bbox 752 3498 937 3579; x_wconf 87' lang='grc' dir='ltr'><strong><em>κείνη</em></strong></span> <span class='ocrx_word' id='word_1_233' title='bbox 984 3518 1059 3578; x_wconf 93' lang='grc' dir='ltr'><strong><em>γε</em></strong></span> <span class='ocrx_word' id='word_1_234' title='bbox 1105 3492 1289 3579; x_wconf 88' lang='grc' dir='ltr'><strong><em>μένει</em></strong></span> <span class='ocrx_word' id='word_1_235' title='bbox 1336 3495 1632 3577; x_wconf 89' lang='grc' dir='ltr'><strong><em>τετληότι</em></strong></span> <span class='ocrx_word' id='word_1_236' title='bbox 1675 3498 1875 3580; x_wconf 77' lang='grc' dir='ltr'><strong><em>θυμῷ</em></strong></span> 
     </span>
    </p>
   </div>
  </div>
 </body>
</html>
