2646 3932
416 178 502 241 30
1169 179 1585 230 οΔΤΣΣΕῐΑΣ
1622 181 1686 233 r.

1010 432 1692 511 ΟΔΤΣΣΕΙΑΣ
1744 434 1833 513 Γ.

1131 687 1244 760 Τὰ
1298 694 1386 762 ἐν
1441 686 1729 784 Πύλῳ.

417 839 636 922 ἠέλιος
683 838 745 905 δ’
799 840 1155 923 ἀνόρουσε,
1201 841 1414 905 λιπὼν
1459 838 1850 925 περικαλλέα
1898 843 2167 926 λίμνην,

417 946 710 1029 οὐρανὸν
757 945 823 1022 ές
867 947 1317 1030 πολύχαλκον,
1366 942 1454 1010 ἵν’
1508 945 1905 1011 ἀθανάτοισι
1952 951 2219 1031 φαείνοι

415 1050 526 1116 καὶ
568 1058 882 1136 θνητοῖσι
926 1055 1270 1134 βροτοῖσιν
1316 1050 1423 1116 ἐπὶ
1471 1054 1787 1136 ζείδωρον
1834 1054 2157 1139 ἄρουραν·

417 1159 488 1222 οί
528 1155 601 1224 δὲ
649 1159 912 1241 Πύλον,
959 1162 1232 1241 Νηλῆος
1277 1157 1663 1242 ἐυκτίμενον
1707 1163 2141 1246 πτολίεθρον,

417 1256 586 1343 ἷξον·
648 1262 753 1329 τοὶ
800 1261 860 1328 δ’
915 1261 1022 1329 ἐπὶ
1065 1261 1216 1328 θινὶ
1260 1264 1604 1345 θαλάσσης
1653 1265 1797 1349 ἱερὰ
1842 1264 2064 1350 ῥέζον,
2409 1285 2439 1332 5

415 1373 702 1456 ταύρους
747 1368 1198 1453 παμμέλανας,
1247 1367 1630 1453 ἐνοσίχθονι
1675 1375 2092 1457 κυανοχαίτῃ.

420 1474 611 1541 ἐννέα
659 1473 721 1540 δ’
774 1475 963 1559 ἕδραι
1010 1478 1200 1558 ἔσαν,
1248 1479 1668 1541 πεντακόσιοι
1717 1475 1778 1542 δ’
1832 1476 1905 1542 ἐν
1952 1476 2191 1563 ἑκάστῃ

416 1582 593 1645 εἵατο
652 1581 764 1646 καὶ
829 1581 1204 1665 προύχοντο
1252 1578 1566 1646 ἑκάστοθι
1614 1580 1806 1648 ἐννέα
1850 1584 2154 1669 ταύρους.

362 1758 363 1761 ¹
416 1681 565 1750 εὖθ’
621 1684 693 1750 οί
732 1685 1073 1769 σπλάγχνα
1118 1687 1446 1769 πάσαντο,
1492 1693 1632 1774 θεῷ
1680 1685 1740 1753 δ’
1795 1685 1901 1753 ἐπὶ
1947 1687 2131 1776 μηρί’
2183 1691 2441 1772 ἔκαιον,

417 1792 488 1857 οί
530 1789 589 1856 δ’
645 1792 801 1868 ἰθὺς
844 1791 1209 1873 κατάγοντο
1267 1790 1357 1857 ἰδ’
1412 1793 1586 1858 ίστιά
1631 1795 1791 1876 νηὸς
1838 1794 2018 1876 ἐίσης
2376 1813 2442 1861 10

418 1902 682 1962 στεῖλαν
728 1896 1093 1982 ἀείραντες,
1140 1898 1262 1982 τὴν
1308 1895 1372 1962 δ’
1426 1898 1755 1983 ὥρμισαν,
1804 1898 1876 1964 ἐκ
1922 1899 1984 1965 δ’
2031 1904 2191 1985 ἔβαν
2232 1901 2439 1966 αὐτοί.

417 2004 488 2070 ἐκ
535 2002 596 2068 δ’
650 2005 778 2089 ἄρα
832 2003 1207 2089 Τηλέμαχος
1251 2006 1412 2088 νηὸς
1457 2004 1665 2089 βαῖν’,
1711 2002 1870 2091 ἦρχε
1918 2005 1988 2072 δ’·
2028 2006 2295 2092 Ἀθήνη.

415 2112 532 2175 τὸν
578 2108 863 2194 προτέρη
911 2109 1257 2195 προσέειπε
1301 2112 1462 2191 θεά,
1510 2116 1887 2193 γλαυκῶπις
1925 2110 2204 2196 Ἀθήνη·

417 2213 818 2300 ,,Τηλέμαχ’,
867 2216 949 2281 οὐ
986 2215 1109 2301 μέν
1154 2233 1228 2281 σε
1273 2218 1399 2301 χρὴ
1439 2215 1527 2281 ἔτ’
1582 2219 1844 2300 αἰδοῦς,
1893 2217 2041 2283 οὐδ’
2094 2219 2350 2301 ἠβαιόν.

415 2322 696 2386 τούνεκα
743 2322 869 2405 γὰρ
916 2319 1026 2385 καὶ
1071 2324 1319 2386 πόντον
1366 2320 1689 2404 ἐπέπλως,
1737 2323 1916 2407 ὄφρα
1961 2324 2219 2407 πύθηαι
2375 2342 2439 2389 15

416 2428 689 2511 πατρός,
738 2426 908 2490 ὅπου
951 2428 1121 2492 κύθε
1167 2438 1326 2511 γαῖα
1370 2426 1481 2493 καὶ
1526 2428 1607 2493 ὅν
1650 2451 1800 2493 τινα
1843 2430 2097 2512 πότμον
2143 2427 2439 2494 ἐπέσπεν.

419 2531 559 2598 ἀλλ’
614 2533 732 2614 ἄγε
777 2541 905 2596 νῦν
953 2534 1109 2609 ἰθὺς
1153 2536 1252 2598 κίε
1298 2533 1641 2619 Νέστορος
1690 2535 2118 2619 ἱπποδάμοιο·

416 2639 704 2721 εἴδομεν,
750 2638 836 2720 ἥν
880 2660 1029 2702 τινα
1075 2647 1270 2722 μῆτιν
1316 2637 1418 2704 ἐνὶ
1464 2642 1785 2723 στήθεσσι
1830 2638 2167 2705 κέκευθεν.

417 2748 768 2810 λίσσεσθαι
816 2742 894 2809 δέ
934 2767 1049 2827 μιν
1096 2744 1322 2827 αὐτός,
1372 2745 1548 2822 ὅπως
1593 2744 1917 2831 νημερτέα
1961 2752 2141 2830 εἴπῃ·

415 2852 663 2929 ψεῦδος
708 2847 769 2914 δ’
822 2849 946 2914 οὐκ
991 2848 1186 2936 ἐρέει·
1246 2851 1421 2935 μάλα
1464 2852 1590 2936 γὰρ
1628 2850 2042 2936 πεπνυμένος
2080 2852 2322 2917 ἐστίν.“
2370 2871 2438 2918 20

503 2957 626 3039 τὴν
673 2954 732 3020 δ’
786 2951 872 3021 αὗ
927 2955 1303 3040 Τηλέμαχος
1349 2956 1764 3041 πεπνυμένος
1809 2956 2041 3058 ἀντίον
2085 2959 2287 3042 ηὔδα·

417 3061 754 3146 ,,Μέντορ,
785 3072 921 3138 πῶς
948 3061 1004 3127 τ’
1042 3060 1147 3147 ἄρ’
1184 3070 1295 3140 ἔως
1326 3074 1464 3139 πῶς
1489 3060 1548 3127 τ’
1584 3062 1668 3148 ἂρ
1688 3063 2183 3147 προσπτύξομαι
2201 3063 2435 3141 αὐτόνς

417 3167 580 3233 οὐδέ
620 3169 691 3231 τί
728 3188 828 3231 πω
876 3168 1155 3250 μύθοισι
1199 3170 1596 3253 πεπείρημαι
1640 3180 2048 3234 πυκινοῖσιν·

418 3274 620 3350 αἰδὼς
667 3270 729 3339 δ’
782 3268 866 3339 αὖ
911 3272 1069 3339 νέον
1114 3275 1330 3357 ἄνδρα
1373 3277 1760 3360 γεραίτερον
1807 3273 2247 3360 ἐξερέεσθαι.“

505 3382 623 3446 τὸν
662 3377 724 3445 δ’
778 3375 933 3446 αὖτε
977 3380 1327 3465 προσέειπε
1373 3381 1532 3463 θεά,
1578 3385 1955 3462 γλαυκῶπις
1993 3379 2272 3466 Ἀθήνη·
2370 3399 2436 3447 25

418 3483 818 3569 ,,Τηλέμαχ’,
866 3487 1031 3550 ἄλλα
1078 3482 1200 3570 μὲν
1246 3485 1445 3563 αὐτὸς
1492 3485 1592 3551 ἐνὶ
1637 3484 1835 3571 φρεσὶ
1883 3495 2037 3572 σῇσι
2081 3490 2375 3571 νοήσεις,
